Order ID,Order Date,Ship Date,Ship Mode,Customer ID,Customer Name,Segment,Country,City,State,Postal Code,Region,Product ID,Category,Sub-Category,Product Name,Sales,Quantity,Discount,Profit
US-2015-108966,10/11/15,10/18/15,Standard Class,SO-20335,Sean O'Donnell,Consumer,United States,Fort Lauderdale,Florida,33311,South,FUR-TA-10000577,Furniture,Tables,Bretford CR4500 Series Slim Rectangular Table,957.5775,5,0.45,-383.031
US-2015-108966,10/11/15,10/18/15,Standard Class,SO-20335,Sean O'Donnell,Consumer,United States,Fort Lauderdale,Florida,33311,South,OFF-ST-10000760,Office Supplies,Storage,Eldon Fold 'N Roll Cart System,22.368,2,0.2,2.5164
US-2015-118983,11/22/15,11/26/15,Standard Class,HP-14815,Harold Pawlan,Home Office,United States,Fort Worth,Texas,76106,Central,OFF-AP-10002311,Office Supplies,Appliances,"Holmes Replacement Filter for HEPA Air Cleaner, Very Large Room, HEPA Filter",68.81,5,0.8,-123.858
US-2015-118983,11/22/15,11/26/15,Standard Class,HP-14815,Harold Pawlan,Home Office,United States,Fort Worth,Texas,76106,Central,OFF-BI-10000756,Office Supplies,Binders,Storex DuraTech Recycled Plastic Frosted Binders,2.544,3,0.8,-3.816
US-2017-156909,7/16/17,7/18/17,Second Class,SF-20065,Sandra Flanagan,Consumer,United States,Philadelphia,Pennsylvania,19140,East,FUR-CH-10002774,Furniture,Chairs,"Global Deluxe Stacking Chair, Gray",71.372,2,0.3,-1.0196
US-2015-150630,9/17/15,9/21/15,Standard Class,TB-21520,Tracy Blumstein,Consumer,United States,Philadelphia,Pennsylvania,19140,East,FUR-BO-10004834,Furniture,Bookcases,"Riverside Palais Royal Lawyers Bookcase, Royale Cherry Finish",3083.43,7,0.5,-1665.0522
US-2015-150630,9/17/15,9/21/15,Standard Class,TB-21520,Tracy Blumstein,Consumer,United States,Philadelphia,Pennsylvania,19140,East,OFF-BI-10000474,Office Supplies,Binders,Avery Recycled Flexi-View Covers for Binding Systems,9.618,2,0.7,-7.0532
US-2015-150630,9/17/15,9/21/15,Standard Class,TB-21520,Tracy Blumstein,Consumer,United States,Philadelphia,Pennsylvania,19140,East,FUR-FU-10004848,Furniture,Furnishings,"Howard Miller 13-3/4"" Diameter Brushed Chrome Round Wall Clock",124.2,3,0.2,15.525
US-2015-150630,9/17/15,9/21/15,Standard Class,TB-21520,Tracy Blumstein,Consumer,United States,Philadelphia,Pennsylvania,19140,East,OFF-EN-10001509,Office Supplies,Envelopes,Poly String Tie Envelopes,3.264,2,0.2,1.1016
US-2015-150630,9/17/15,9/21/15,Standard Class,TB-21520,Tracy Blumstein,Consumer,United States,Philadelphia,Pennsylvania,19140,East,OFF-AR-10004042,Office Supplies,Art,"BOSTON Model 1800 Electric Pencil Sharpeners, Putty/Woodgrain",86.304,6,0.2,9.7092
US-2015-150630,9/17/15,9/21/15,Standard Class,TB-21520,Tracy Blumstein,Consumer,United States,Philadelphia,Pennsylvania,19140,East,OFF-BI-10001525,Office Supplies,Binders,"Acco Pressboard Covers with Storage Hooks, 14 7/8"" x 11"", Executive Red",6.858,6,0.7,-5.715
US-2015-150630,9/17/15,9/21/15,Standard Class,TB-21520,Tracy Blumstein,Consumer,United States,Philadelphia,Pennsylvania,19140,East,OFF-AR-10001683,Office Supplies,Art,Lumber Crayons,15.76,2,0.2,3.546
US-2015-164175,4/30/15,5/5/15,Standard Class,PS-18970,Paul Stevenson,Home Office,United States,Chicago,Illinois,60610,Central,FUR-CH-10001146,Furniture,Chairs,"Global Value Mid-Back Manager's Chair, Gray",213.115,5,0.3,-15.2225
US-2015-134026,4/26/15,5/2/15,Standard Class,JE-15745,Joel Eaton,Consumer,United States,Memphis,Tennessee,38109,South,FUR-CH-10000513,Furniture,Chairs,High-Back Leather Manager's Chair,831.936,8,0.2,-114.3912
US-2015-134026,4/26/15,5/2/15,Standard Class,JE-15745,Joel Eaton,Consumer,United States,Memphis,Tennessee,38109,South,FUR-FU-10003708,Furniture,Furnishings,"Tenex Traditional Chairmats for Medium Pile Carpet, Standard Lip, 36"" x 48""",97.04,2,0.2,1.213
US-2015-134026,4/26/15,5/2/15,Standard Class,JE-15745,Joel Eaton,Consumer,United States,Memphis,Tennessee,38109,South,OFF-ST-10004123,Office Supplies,Storage,Safco Industrial Wire Shelving System,72.784,1,0.2,-18.196
US-2017-118038,12/9/17,12/11/17,First Class,KB-16600,Ken Brennan,Corporate,United States,Houston,Texas,77041,Central,OFF-BI-10004182,Office Supplies,Binders,Economy Binders,1.248,3,0.8,-1.9344
US-2017-118038,12/9/17,12/11/17,First Class,KB-16600,Ken Brennan,Corporate,United States,Houston,Texas,77041,Central,FUR-FU-10000260,Furniture,Furnishings,"6"" Cubicle Wall Clock, Black",9.708,3,0.6,-5.8248
US-2017-118038,12/9/17,12/11/17,First Class,KB-16600,Ken Brennan,Corporate,United States,Houston,Texas,77041,Central,OFF-ST-10000615,Office Supplies,Storage,"SimpliFile Personal File, Black Granite, 15w x 6-15/16d x 11-1/4h",27.24,3,0.2,2.724
US-2014-147606,11/26/14,12/1/14,Second Class,JE-15745,Joel Eaton,Consumer,United States,Houston,Texas,77070,Central,FUR-FU-10003194,Furniture,Furnishings,"Eldon Expressions Desk Accessory, Wood Pencil Holder, Oak",19.3,5,0.6,-14.475
US-2017-119662,11/13/17,11/16/17,First Class,CS-12400,Christopher Schild,Home Office,United States,Chicago,Illinois,60623,Central,OFF-ST-10003656,Office Supplies,Storage,Safco Industrial Wire Shelving,230.376,3,0.2,-48.9549
US-2017-109484,11/6/17,11/12/17,Standard Class,RB-19705,Roger Barcio,Home Office,United States,Portland,Oregon,97206,West,OFF-BI-10004738,Office Supplies,Binders,Flexible Leather- Look Classic Collection Ring Binder,5.682,1,0.7,-3.788
US-2015-156867,11/13/15,11/17/15,Standard Class,LC-16870,Lena Cacioppo,Consumer,United States,Aurora,Colorado,80013,West,TEC-AC-10001552,Technology,Accessories,Logitech K350 2.4Ghz Wireless Keyboard,238.896,6,0.2,-26.8758
US-2015-156867,11/13/15,11/17/15,Standard Class,LC-16870,Lena Cacioppo,Consumer,United States,Aurora,Colorado,80013,West,FUR-FU-10004006,Furniture,Furnishings,"Deflect-o DuraMat Lighweight, Studded, Beveled Mat for Low Pile Carpeting",102.36,3,0.2,-3.8385
US-2015-156867,11/13/15,11/17/15,Standard Class,LC-16870,Lena Cacioppo,Consumer,United States,Aurora,Colorado,80013,West,OFF-BI-10002794,Office Supplies,Binders,"Avery Trapezoid Ring Binder, 3"" Capacity, Black, 1040 sheets",36.882,3,0.7,-25.8174
US-2015-136476,4/5/15,4/10/15,Standard Class,GG-14650,Greg Guthrie,Corporate,United States,Bristol,Tennessee,37620,South,OFF-BI-10003650,Office Supplies,Binders,GBC DocuBind 300 Electric Binding Machine,157.794,1,0.7,-115.7156
US-2014-152030,12/26/14,12/28/14,Second Class,AD-10180,Alan Dominguez,Home Office,United States,Houston,Texas,77041,Central,FUR-CH-10004063,Furniture,Chairs,Global Deluxe High-Back Manager's Chair,600.558,3,0.3,-8.5794
US-2014-134614,9/20/14,9/25/14,Standard Class,PF-19165,Philip Fox,Consumer,United States,Bloomington,Illinois,61701,Central,FUR-TA-10004534,Furniture,Tables,Bevis 44 x 96 Conference Tables,617.7,6,0.5,-407.682
US-2017-107272,11/5/17,11/12/17,Standard Class,TS-21610,Troy Staebel,Consumer,United States,Phoenix,Arizona,85023,West,OFF-BI-10003274,Office Supplies,Binders,"Avery Durable Slant Ring Binders, No Labels",2.388,2,0.7,-1.8308
US-2017-107272,11/5/17,11/12/17,Standard Class,TS-21610,Troy Staebel,Consumer,United States,Phoenix,Arizona,85023,West,OFF-ST-10002974,Office Supplies,Storage,"Trav-L-File Heavy-Duty Shuttle II, Black",243.992,7,0.2,30.499
US-2016-125969,11/6/16,11/10/16,Second Class,LS-16975,Lindsay Shagiari,Home Office,United States,Los Angeles,California,90004,West,FUR-CH-10001146,Furniture,Chairs,"Global Task Chair, Black",81.424,2,0.2,-9.1602
US-2016-125969,11/6/16,11/10/16,Second Class,LS-16975,Lindsay Shagiari,Home Office,United States,Los Angeles,California,90004,West,FUR-FU-10003773,Furniture,Furnishings,Eldon Cleatmat Plus Chair Mats for High Pile Carpets,238.56,3,0,26.2416
US-2017-164147,2/2/17,2/5/17,First Class,DW-13585,Dorothy Wardle,Corporate,United States,Columbus,Ohio,43229,East,TEC-PH-10002293,Technology,Phones,Anker 36W 4-Port USB Wall Charger Travel Power Adapter for iPhone 5s 5c 5,59.97,5,0.4,-11.994
US-2017-164147,2/2/17,2/5/17,First Class,DW-13585,Dorothy Wardle,Corporate,United States,Columbus,Ohio,43229,East,OFF-PA-10002377,Office Supplies,Paper,Xerox 1916,78.304,2,0.2,29.364
US-2017-164147,2/2/17,2/5/17,First Class,DW-13585,Dorothy Wardle,Corporate,United States,Columbus,Ohio,43229,East,OFF-FA-10002780,Office Supplies,Fasteners,Staples,21.456,9,0.2,6.9732
US-2014-100853,9/14/14,9/19/14,Standard Class,JB-15400,Jennifer Braxton,Corporate,United States,Chicago,Illinois,60623,Central,OFF-AP-10000891,Office Supplies,Appliances,Kensington 7 Outlet MasterPiece HOMEOFFICE Power Control Center,52.448,2,0.8,-131.12
US-2014-100853,9/14/14,9/19/14,Standard Class,JB-15400,Jennifer Braxton,Corporate,United States,Chicago,Illinois,60623,Central,OFF-LA-10003148,Office Supplies,Labels,Avery 51,20.16,4,0.2,6.552
US-2017-152366,4/21/17,4/25/17,Second Class,SJ-20500,Shirley Jackson,Consumer,United States,Houston,Texas,77036,Central,OFF-AP-10002684,Office Supplies,Appliances,"Acco 7-Outlet Masterpiece Power Center, Wihtout Fax/Phone Line Protection",97.264,4,0.8,-243.16
US-2015-101511,11/21/15,11/23/15,Second Class,JE-15745,Joel Eaton,Consumer,United States,Newark,Ohio,43055,East,FUR-CH-10004698,Furniture,Chairs,"Padded Folding Chairs, Black, 4/Carton",396.802,7,0.3,-11.3372
US-2015-101511,11/21/15,11/23/15,Second Class,JE-15745,Joel Eaton,Consumer,United States,Newark,Ohio,43055,East,OFF-SU-10002189,Office Supplies,Supplies,Acme Rosewood Handle Letter Opener,15.88,5,0.2,-3.7715
US-2017-124303,7/6/17,7/13/17,Standard Class,FH-14365,Fred Hopkins,Corporate,United States,Philadelphia,Pennsylvania,19120,East,OFF-BI-10000343,Office Supplies,Binders,"Pressboard Covers with Storage Hooks, 9 1/2"" x 11"", Light Blue",2.946,2,0.7,-2.2586
US-2017-124303,7/6/17,7/13/17,Standard Class,FH-14365,Fred Hopkins,Corporate,United States,Philadelphia,Pennsylvania,19120,East,OFF-PA-10002749,Office Supplies,Paper,"Wirebound Message Books, 5-1/2 x 4 Forms, 2 or 4 Forms per Page",16.056,3,0.2,5.8203
US-2017-116701,12/17/17,12/21/17,Second Class,LC-17140,Logan Currie,Consumer,United States,Dallas,Texas,75220,Central,OFF-AP-10003217,Office Supplies,Appliances,Eureka Sanitaire  Commercial Upright,66.284,2,0.8,-178.9668
US-2015-145436,2/28/15,3/4/15,Standard Class,VD-21670,Valerie Dominguez,Consumer,United States,Columbia,Tennessee,38401,South,FUR-CH-10004860,Furniture,Chairs,Global Low Back Tilter Chair,161.568,2,0.2,-28.2744
US-2015-145436,2/28/15,3/4/15,Standard Class,VD-21670,Valerie Dominguez,Consumer,United States,Columbia,Tennessee,38401,South,FUR-CH-10004477,Furniture,Chairs,"Global Push Button Manager's Chair, Indigo",389.696,8,0.2,43.8408
US-2014-156216,9/13/14,9/17/14,Standard Class,EA-14035,Erin Ashbrook,Corporate,United States,Charlotte,North Carolina,28205,South,OFF-BI-10001679,Office Supplies,Binders,GBC Instant Index System for Binding Systems,18.648,7,0.7,-12.432
US-2017-100930,4/7/17,4/12/17,Standard Class,CS-12400,Christopher Schild,Home Office,United States,Tampa,Florida,33614,South,FUR-TA-10001705,Furniture,Tables,Bush Advantage Collection Round Conference Table,233.86,2,0.45,-102.048
US-2017-100930,4/7/17,4/12/17,Standard Class,CS-12400,Christopher Schild,Home Office,United States,Tampa,Florida,33614,South,FUR-TA-10003473,Furniture,Tables,Bretford Rectangular Conference Table Tops,620.6145,3,0.45,-248.2458
US-2017-100930,4/7/17,4/12/17,Standard Class,CS-12400,Christopher Schild,Home Office,United States,Tampa,Florida,33614,South,OFF-BI-10001679,Office Supplies,Binders,GBC Instant Index System for Binding Systems,5.328,2,0.7,-3.552
US-2017-100930,4/7/17,4/12/17,Standard Class,CS-12400,Christopher Schild,Home Office,United States,Tampa,Florida,33614,South,FUR-FU-10004017,Furniture,Furnishings,"Tenex Contemporary Contur Chairmats for Low and Medium Pile Carpet, Computer, 39"" x 49""",258.072,3,0.2,0
US-2017-100930,4/7/17,4/12/17,Standard Class,CS-12400,Christopher Schild,Home Office,United States,Tampa,Florida,33614,South,TEC-AC-10003832,Technology,Accessories,Logitech P710e Mobile Speakerphone,617.976,3,0.2,-7.7247
US-2015-159982,11/28/15,12/4/15,Standard Class,DR-12880,Dan Reichenbach,Corporate,United States,Chicago,Illinois,60623,Central,FUR-FU-10002505,Furniture,Furnishings,Eldon 100 Class Desk Accessories,12.132,9,0.6,-8.4924
US-2015-159982,11/28/15,12/4/15,Standard Class,DR-12880,Dan Reichenbach,Corporate,United States,Chicago,Illinois,60623,Central,OFF-ST-10004804,Office Supplies,Storage,"Belkin 19"" Vented Equipment Shelf, Black",82.368,2,0.2,-19.5624
US-2015-159982,11/28/15,12/4/15,Standard Class,DR-12880,Dan Reichenbach,Corporate,United States,Chicago,Illinois,60623,Central,OFF-ST-10001590,Office Supplies,Storage,"Tenex Personal Project File with Scoop Front Design, Black",53.92,5,0.2,4.044
US-2015-159982,11/28/15,12/4/15,Standard Class,DR-12880,Dan Reichenbach,Corporate,United States,Chicago,Illinois,60623,Central,TEC-PH-10001580,Technology,Phones,Logitech Mobile Speakerphone P710e - speaker phone,647.904,6,0.2,56.6916
US-2017-155299,6/8/17,6/12/17,Standard Class,Dl-13600,Dorris liebe,Corporate,United States,Pasadena,Texas,77506,Central,OFF-AP-10002203,Office Supplies,Appliances,Eureka Disposable Bags for Sanitaire Vibra Groomer I Upright Vac,1.624,2,0.8,-4.466
US-2014-106992,9/19/14,9/21/14,Second Class,SB-20290,Sean Braxton,Corporate,United States,Houston,Texas,77036,Central,TEC-MA-10000822,Technology,Machines,Lexmark MX611dhe Monochrome Laser Printer,3059.982,3,0.4,-509.997
US-2014-106992,9/19/14,9/21/14,Second Class,SB-20290,Sean Braxton,Corporate,United States,Houston,Texas,77036,Central,TEC-MA-10003353,Technology,Machines,Xerox WorkCentre 6505DN Laser Multifunction Printer,2519.958,7,0.4,-251.9958
US-2017-145366,12/9/17,12/13/17,Standard Class,CA-12310,Christine Abelman,Corporate,United States,Cincinnati,Ohio,45231,East,OFF-ST-10004180,Office Supplies,Storage,Safco Commercial Shelving,37.208,1,0.2,-7.4416
US-2017-145366,12/9/17,12/13/17,Standard Class,CA-12310,Christine Abelman,Corporate,United States,Cincinnati,Ohio,45231,East,OFF-EN-10004386,Office Supplies,Envelopes,"Recycled Interoffice Envelopes with String and Button Closure, 10 x 13",57.576,3,0.2,21.591
US-2015-161991,9/26/15,9/28/15,Second Class,SC-20725,Steven Cartwright,Consumer,United States,Houston,Texas,77070,Central,OFF-BI-10004967,Office Supplies,Binders,Round Ring Binders,2.08,5,0.8,-3.432
US-2015-161991,9/26/15,9/28/15,Second Class,SC-20725,Steven Cartwright,Consumer,United States,Houston,Texas,77070,Central,TEC-PH-10001760,Technology,Phones,Bose SoundLink Bluetooth Speaker,1114.4,7,0.2,376.11
US-2017-152380,11/19/17,11/23/17,Standard Class,JH-15910,Jonathan Howell,Consumer,United States,Chicago,Illinois,60623,Central,FUR-TA-10002533,Furniture,Tables,BPI Conference Tables,219.075,3,0.5,-131.445
US-2016-141544,8/30/16,9/1/16,First Class,PO-18850,Patrick O'Brill,Consumer,United States,Philadelphia,Pennsylvania,19143,East,TEC-PH-10003645,Technology,Phones,Aastra 57i VoIP phone,290.898,3,0.4,-67.8762
US-2016-141544,8/30/16,9/1/16,First Class,PO-18850,Patrick O'Brill,Consumer,United States,Philadelphia,Pennsylvania,19143,East,OFF-ST-10000675,Office Supplies,Storage,"File Shuttle II and Handi-File, Black",54.224,2,0.2,3.389
US-2016-141544,8/30/16,9/1/16,First Class,PO-18850,Patrick O'Brill,Consumer,United States,Philadelphia,Pennsylvania,19143,East,FUR-CH-10003312,Furniture,Chairs,Hon 2090 “Pillow Soft” Series Mid Back Swivel/Tilt Chairs,786.744,4,0.3,-258.5016
US-2016-141544,8/30/16,9/1/16,First Class,PO-18850,Patrick O'Brill,Consumer,United States,Philadelphia,Pennsylvania,19143,East,OFF-LA-10001074,Office Supplies,Labels,Round Specialty Laser Printer Labels,100.24,10,0.2,33.831
US-2016-141544,8/30/16,9/1/16,First Class,PO-18850,Patrick O'Brill,Consumer,United States,Philadelphia,Pennsylvania,19143,East,OFF-BI-10001524,Office Supplies,Binders,GBC Premium Transparent Covers with Diagonal Lined Pattern,37.764,6,0.7,-27.6936
US-2016-150147,4/25/16,4/29/16,Second Class,JL-15850,John Lucas,Consumer,United States,Philadelphia,Pennsylvania,19134,East,TEC-PH-10004614,Technology,Phones,AT&T 841000 Phone,82.8,2,0.4,-20.7
US-2016-150147,4/25/16,4/29/16,Second Class,JL-15850,John Lucas,Consumer,United States,Philadelphia,Pennsylvania,19134,East,OFF-BI-10001153,Office Supplies,Binders,Ibico Recycled Grain-Textured Covers,20.724,2,0.7,-13.816
US-2016-150147,4/25/16,4/29/16,Second Class,JL-15850,John Lucas,Consumer,United States,Philadelphia,Pennsylvania,19134,East,OFF-BI-10001982,Office Supplies,Binders,Wilson Jones Custom Binder Spines & Labels,4.896,3,0.7,-3.4272
US-2015-120712,12/20/15,12/24/15,Standard Class,CS-12130,Chad Sievert,Consumer,United States,Austin,Texas,78745,Central,OFF-ST-10000107,Office Supplies,Storage,Fellowes Super Stor/Drawer,88.8,4,0.2,-2.22
US-2014-119137,7/23/14,7/27/14,Standard Class,AG-10900,Arthur Gainer,Consumer,United States,Tucson,Arizona,85705,West,OFF-BI-10001982,Office Supplies,Binders,Wilson Jones Custom Binder Spines & Labels,8.16,5,0.7,-5.712
US-2014-119137,7/23/14,7/27/14,Standard Class,AG-10900,Arthur Gainer,Consumer,United States,Tucson,Arizona,85705,West,TEC-AC-10003911,Technology,Accessories,NETGEAR AC1750 Dual Band Gigabit Smart WiFi Router,1023.936,8,0.2,179.1888
US-2014-119137,7/23/14,7/27/14,Standard Class,AG-10900,Arthur Gainer,Consumer,United States,Tucson,Arizona,85705,West,OFF-AR-10000658,Office Supplies,Art,Newell 324,9.24,1,0.2,0.924
US-2014-119137,7/23/14,7/27/14,Standard Class,AG-10900,Arthur Gainer,Consumer,United States,Tucson,Arizona,85705,West,TEC-AC-10002076,Technology,Accessories,Microsoft Natural Keyboard Elite,479.04,10,0.2,-29.94
US-2016-134656,9/28/16,10/1/16,First Class,MM-18280,Muhammed MacIntyre,Corporate,United States,Quincy,Illinois,62301,Central,OFF-PA-10003039,Office Supplies,Paper,Xerox 1960,99.136,4,0.2,30.98
US-2017-134481,8/27/17,9/1/17,Standard Class,AR-10405,Allen Rosenblatt,Corporate,United States,Franklin,Massachusetts,2038,East,FUR-TA-10004915,Furniture,Tables,"Office Impressions End Table, 20-1/2""H x 24""W x 20""D",1488.424,7,0.3,-297.6848
US-2015-168935,11/27/15,12/2/15,Standard Class,DO-13435,Denny Ordway,Consumer,United States,Pembroke Pines,Florida,33024,South,FUR-TA-10000617,Furniture,Tables,"Hon Practical Foundations 30 x 60 Training Table, Light Gray/Charcoal",375.4575,3,0.45,-157.0095
US-2015-168935,11/27/15,12/2/15,Standard Class,DO-13435,Denny Ordway,Consumer,United States,Pembroke Pines,Florida,33024,South,TEC-AC-10002335,Technology,Accessories,Logitech Media Keyboard K200,83.976,3,0.2,-1.0497
US-2014-135972,9/21/14,9/23/14,Second Class,JG-15115,Jack Garza,Consumer,United States,Des Moines,Washington,98198,West,TEC-PH-10003012,Technology,Phones,Nortel Meridian M3904 Professional Digital phone,246.384,2,0.2,27.7182
US-2014-135972,9/21/14,9/23/14,Second Class,JG-15115,Jack Garza,Consumer,United States,Des Moines,Washington,98198,West,TEC-CO-10002313,Technology,Copiers,Canon PC1080F Personal Copier,1799.97,3,0,701.9883
US-2014-134971,6/7/14,6/10/14,Second Class,BP-11095,Bart Pistole,Corporate,United States,Peoria,Illinois,61604,Central,OFF-BI-10003982,Office Supplies,Binders,Wilson Jones Century Plastic Molded Ring Binders,12.462,3,0.8,-20.5623
US-2016-123750,4/15/16,4/21/16,Standard Class,RB-19795,Ross Baird,Home Office,United States,Gastonia,North Carolina,28052,South,OFF-BI-10004584,Office Supplies,Binders,GBC ProClick 150 Presentation Binding System,189.588,2,0.7,-145.3508
US-2016-123750,4/15/16,4/21/16,Standard Class,RB-19795,Ross Baird,Home Office,United States,Gastonia,North Carolina,28052,South,TEC-AC-10004659,Technology,Accessories,Imation Secure+ Hardware Encrypted USB 2.0 Flash Drive; 16GB,408.744,7,0.2,76.6395
US-2016-123750,4/15/16,4/21/16,Standard Class,RB-19795,Ross Baird,Home Office,United States,Gastonia,North Carolina,28052,South,TEC-AC-10004659,Technology,Accessories,Imation Secure+ Hardware Encrypted USB 2.0 Flash Drive; 16GB,291.96,5,0.2,54.7425
US-2016-123750,4/15/16,4/21/16,Standard Class,RB-19795,Ross Baird,Home Office,United States,Gastonia,North Carolina,28052,South,OFF-ST-10000617,Office Supplies,Storage,Woodgrain Magazine Files by Perma,4.768,2,0.2,-0.7748
US-2014-150574,12/19/14,12/25/14,Standard Class,MK-18160,Mike Kennedy,Consumer,United States,Jacksonville,Florida,32216,South,OFF-BI-10000773,Office Supplies,Binders,Insertable Tab Post Binder Dividers,4.812,2,0.7,-3.6892
US-2014-150574,12/19/14,12/25/14,Standard Class,MK-18160,Mike Kennedy,Consumer,United States,Jacksonville,Florida,32216,South,TEC-AC-10002600,Technology,Accessories,Belkin QODE FastFit Bluetooth Keyboard,247.8,5,0.2,-18.585
US-2014-110674,2/12/14,2/18/14,Standard Class,SC-20095,Sanjit Chand,Consumer,United States,Concord,California,94521,West,FUR-CH-10000225,Furniture,Chairs,"Global Geo Office Task Chair, Gray",129.568,2,0.2,-24.294
US-2016-157945,9/26/16,10/1/16,Standard Class,NF-18385,Natalie Fritzler,Consumer,United States,Decatur,Illinois,62521,Central,FUR-CH-10002331,Furniture,Chairs,Hon 4700 Series Mobuis Mid-Back Task Chairs with Adjustable Arms,747.558,3,0.3,-96.1146
US-2016-157945,9/26/16,10/1/16,Standard Class,NF-18385,Natalie Fritzler,Consumer,United States,Decatur,Illinois,62521,Central,OFF-EN-10001415,Office Supplies,Envelopes,Staple envelope,8.928,2,0.2,3.348
US-2015-101399,1/17/15,1/24/15,Standard Class,JS-15940,Joni Sundaresam,Home Office,United States,Park Ridge,Illinois,60068,Central,FUR-FU-10002918,Furniture,Furnishings,Eldon ClusterMat Chair Mat with Cordless Antistatic Protection,254.744,7,0.6,-312.0614
US-2016-100419,12/16/16,12/20/16,Second Class,CC-12670,Craig Carreira,Consumer,United States,Chicago,Illinois,60610,Central,OFF-BI-10002194,Office Supplies,Binders,Cardinal Hold-It CD Pocket,4.788,3,0.8,-7.9002
US-2016-120929,3/18/16,3/21/16,Second Class,RO-19780,Rose O'Brian,Consumer,United States,Memphis,Tennessee,38109,South,FUR-TA-10001857,Furniture,Tables,Balt Solid Wood Rectangular Table,189.882,3,0.4,-94.941
US-2016-105578,5/30/16,6/4/16,Standard Class,MY-17380,Maribeth Yedwab,Corporate,United States,Parker,Colorado,80134,West,OFF-BI-10001670,Office Supplies,Binders,Vinyl Sectional Post Binders,22.62,2,0.7,-15.08
US-2016-105578,5/30/16,6/4/16,Standard Class,MY-17380,Maribeth Yedwab,Corporate,United States,Parker,Colorado,80134,West,OFF-BI-10001658,Office Supplies,Binders,GBC Standard Therm-A-Bind Covers,14.952,2,0.7,-11.9616
US-2016-105578,5/30/16,6/4/16,Standard Class,MY-17380,Maribeth Yedwab,Corporate,United States,Parker,Colorado,80134,West,FUR-CH-10001215,Furniture,Chairs,Global Troy Executive Leather Low-Back Tilter,801.568,2,0.2,50.098
US-2016-105578,5/30/16,6/4/16,Standard Class,MY-17380,Maribeth Yedwab,Corporate,United States,Parker,Colorado,80134,West,OFF-BI-10000831,Office Supplies,Binders,Storex Flexible Poly Binders with Double Pockets,2.376,3,0.7,-1.9008
US-2016-105578,5/30/16,6/4/16,Standard Class,MY-17380,Maribeth Yedwab,Corporate,United States,Parker,Colorado,80134,West,OFF-PA-10000357,Office Supplies,Paper,"White Dual Perf Computer Printout Paper, 2700 Sheets, 1 Part, Heavyweight, 20 lbs., 14 7/8 x 11",32.792,1,0.2,11.8871
US-2016-139486,5/21/16,5/23/16,First Class,LH-17155,Logan Haushalter,Consumer,United States,Los Angeles,California,90032,West,TEC-PH-10003555,Technology,Phones,Motorola HK250 Universal Bluetooth Headset,55.176,3,0.2,-12.4146
US-2016-139486,5/21/16,5/23/16,First Class,LH-17155,Logan Haushalter,Consumer,United States,Los Angeles,California,90032,West,TEC-AC-10003832,Technology,Accessories,Imation 16GB Mini TravelDrive USB 2.0 Flash Drive,66.26,2,0,27.1666
US-2015-138303,9/3/15,9/7/15,Standard Class,MG-18145,Mike Gockenbach,Consumer,United States,Philadelphia,Pennsylvania,19134,East,OFF-ST-10004963,Office Supplies,Storage,Eldon Gobal File Keepers,36.336,3,0.2,-7.2672
US-2015-138303,9/3/15,9/7/15,Standard Class,MG-18145,Mike Gockenbach,Consumer,United States,Philadelphia,Pennsylvania,19134,East,OFF-SU-10002881,Office Supplies,Supplies,Martin Yale Chadless Opener Electric Letter Opener,666.248,1,0.2,-149.9058
US-2015-138303,9/3/15,9/7/15,Standard Class,MG-18145,Mike Gockenbach,Consumer,United States,Philadelphia,Pennsylvania,19134,East,OFF-EN-10001335,Office Supplies,Envelopes,"White Business Envelopes with Contemporary Seam, Recycled White Business Envelopes",52.512,6,0.2,19.692
US-2017-129441,9/7/17,9/11/17,Standard Class,JC-15340,Jasper Cacioppo,Consumer,United States,Los Angeles,California,90032,West,FUR-FU-10000448,Furniture,Furnishings,Tenex Chairmats For Use With Carpeted Floors,47.94,3,0,2.397
US-2017-122637,9/3/17,9/8/17,Second Class,EP-13915,Emily Phan,Consumer,United States,Chicago,Illinois,60653,Central,OFF-BI-10002429,Office Supplies,Binders,"Premier Elliptical Ring Binder, Black",42.616,7,0.8,-68.1856
US-2015-120161,12/18/15,12/23/15,Standard Class,LM-17065,Liz MacKendrick,Consumer,United States,Springfield,Ohio,45503,East,OFF-ST-10001809,Office Supplies,Storage,Fellowes Officeware Wire Shelving,646.776,9,0.2,-145.5246
US-2016-156986,3/20/16,3/24/16,Standard Class,ZC-21910,Zuschuss Carroll,Consumer,United States,Salem,Oregon,97301,West,TEC-PH-10003800,Technology,Phones,i.Sound Portable Power - 8000 mAh,84.784,2,0.2,-20.1362
US-2016-156986,3/20/16,3/24/16,Standard Class,ZC-21910,Zuschuss Carroll,Consumer,United States,Salem,Oregon,97301,West,OFF-PA-10002005,Office Supplies,Paper,Xerox 225,20.736,4,0.2,7.2576
US-2016-156986,3/20/16,3/24/16,Standard Class,ZC-21910,Zuschuss Carroll,Consumer,United States,Salem,Oregon,97301,West,OFF-BI-10002498,Office Supplies,Binders,Clear Mylar Reinforcing Strips,16.821,3,0.7,-12.8961
US-2016-156986,3/20/16,3/24/16,Standard Class,ZC-21910,Zuschuss Carroll,Consumer,United States,Salem,Oregon,97301,West,OFF-PA-10004101,Office Supplies,Paper,Xerox 1894,10.368,2,0.2,3.6288
US-2016-100720,7/16/16,7/21/16,Standard Class,CK-12205,Chloris Kastensmidt,Consumer,United States,Philadelphia,Pennsylvania,19120,East,TEC-PH-10001425,Technology,Phones,Mophie Juice Pack Helium for iPhone,143.982,3,0.4,-28.7964
US-2016-100720,7/16/16,7/21/16,Standard Class,CK-12205,Chloris Kastensmidt,Consumer,United States,Philadelphia,Pennsylvania,19120,East,TEC-PH-10003963,Technology,Phones,GE 2-Jack Phone Line Splitter,494.376,4,0.4,-115.3544
US-2016-100720,7/16/16,7/21/16,Standard Class,CK-12205,Chloris Kastensmidt,Consumer,United States,Philadelphia,Pennsylvania,19120,East,OFF-SU-10001574,Office Supplies,Supplies,Acme Value Line Scissors,5.84,2,0.2,0.73
US-2014-105767,5/23/14,5/27/14,Standard Class,AR-10510,Andrew Roberts,Consumer,United States,Philadelphia,Pennsylvania,19134,East,OFF-BI-10000848,Office Supplies,Binders,Angle-D Ring Binders,3.282,2,0.7,-2.6256
US-2014-105767,5/23/14,5/27/14,Standard Class,AR-10510,Andrew Roberts,Consumer,United States,Philadelphia,Pennsylvania,19134,East,OFF-AR-10001246,Office Supplies,Art,Newell 317,21.168,9,0.2,2.3814
US-2014-105767,5/23/14,5/27/14,Standard Class,AR-10510,Andrew Roberts,Consumer,United States,Philadelphia,Pennsylvania,19134,East,TEC-PH-10003092,Technology,Phones,Motorola L804,55.188,2,0.4,-10.1178
US-2014-111171,12/26/14,12/31/14,Standard Class,CA-12265,Christina Anderson,Consumer,United States,Chicago,Illinois,60610,Central,OFF-BI-10002103,Office Supplies,Binders,"Cardinal Slant-D Ring Binder, Heavy Gauge Vinyl",8.69,5,0.8,-14.773
US-2016-135720,12/11/16,12/13/16,Second Class,FM-14380,Fred McMath,Consumer,United States,Aurora,Colorado,80013,West,OFF-ST-10001963,Office Supplies,Storage,Tennsco Regal Shelving Units,243.384,3,0.2,-51.7191
US-2016-135720,12/11/16,12/13/16,Second Class,FM-14380,Fred McMath,Consumer,United States,Aurora,Colorado,80013,West,TEC-AC-10001267,Technology,Accessories,Imation 32GB Pocket Pro USB 3.0 Flash Drive - 32 GB - Black - 1 P ...,119.8,5,0.2,29.95
US-2016-135720,12/11/16,12/13/16,Second Class,FM-14380,Fred McMath,Consumer,United States,Aurora,Colorado,80013,West,TEC-PH-10002103,Technology,Phones,Jabra SPEAK 410,300.768,4,0.2,30.0768
US-2016-123470,8/15/16,8/21/16,Standard Class,ME-17725,Max Engle,Consumer,United States,Aurora,Colorado,80013,West,OFF-BI-10001989,Office Supplies,Binders,Premium Transparent Presentation Covers by GBC,18.882,3,0.7,-13.8468
US-2016-123470,8/15/16,8/21/16,Standard Class,ME-17725,Max Engle,Consumer,United States,Aurora,Colorado,80013,West,OFF-AP-10003287,Office Supplies,Appliances,Tripp Lite TLP810NET Broadband Surge for Modem/Fax,122.328,3,0.2,12.2328
US-2017-127719,7/21/17,7/25/17,Standard Class,TW-21025,Tamara Willingham,Home Office,United States,Plainfield,New Jersey,7060,East,OFF-PA-10001934,Office Supplies,Paper,Xerox 1993,6.48,1,0,3.1752
US-2016-156097,9/19/16,9/19/16,Same Day,EH-14125,Eugene Hildebrand,Home Office,United States,Aurora,Illinois,60505,Central,FUR-CH-10001215,Furniture,Chairs,Global Troy Executive Leather Low-Back Tilter,701.372,2,0.3,-50.098
US-2016-156097,9/19/16,9/19/16,Same Day,EH-14125,Eugene Hildebrand,Home Office,United States,Aurora,Illinois,60505,Central,OFF-BI-10004654,Office Supplies,Binders,Avery Binding System Hidden Tab Executive Style Index Sets,2.308,2,0.8,-3.462
US-2017-106663,6/9/17,6/13/17,Standard Class,MO-17800,Meg O'Connel,Home Office,United States,Chicago,Illinois,60653,Central,FUR-FU-10002759,Furniture,Furnishings,12-1/2 Diameter Round Wall Clock,23.976,3,0.6,-14.3856
US-2017-106663,6/9/17,6/13/17,Standard Class,MO-17800,Meg O'Connel,Home Office,United States,Chicago,Illinois,60653,Central,FUR-TA-10000688,Furniture,Tables,"Chromcraft Bull-Nose Wood Round Conference Table Top, Wood Base",108.925,1,0.5,-71.8905
US-2017-106663,6/9/17,6/13/17,Standard Class,MO-17800,Meg O'Connel,Home Office,United States,Chicago,Illinois,60653,Central,OFF-PA-10002377,Office Supplies,Paper,"Adams Telephone Message Book W/Dividers/Space For Phone Numbers, 5 1/4""X8 1/2"", 200/Messages",36.352,8,0.2,11.36
US-2017-119438,3/18/17,3/23/17,Standard Class,CD-11980,Carol Darley,Consumer,United States,Tyler,Texas,75701,Central,OFF-AP-10000804,Office Supplies,Appliances,Hoover Portapower Portable Vacuum,2.688,3,0.8,-7.392
US-2017-119438,3/18/17,3/23/17,Standard Class,CD-11980,Carol Darley,Consumer,United States,Tyler,Texas,75701,Central,TEC-AC-10003614,Technology,Accessories,"Verbatim 25 GB 6x Blu-ray Single Layer Recordable Disc, 10/Pack",27.816,3,0.2,4.5201
US-2017-119438,3/18/17,3/23/17,Standard Class,CD-11980,Carol Darley,Consumer,United States,Tyler,Texas,75701,Central,FUR-FU-10003553,Furniture,Furnishings,"Howard Miller 13-1/2"" Diameter Rosebrook Wall Clock",82.524,3,0.6,-41.262
US-2017-119438,3/18/17,3/23/17,Standard Class,CD-11980,Carol Darley,Consumer,United States,Tyler,Texas,75701,Central,OFF-BI-10004632,Office Supplies,Binders,Ibico Hi-Tech Manual Binding System,182.994,3,0.8,-320.2395
US-2017-168116,11/4/17,11/4/17,Same Day,GT-14635,Grant Thornton,Corporate,United States,Burlington,North Carolina,27217,South,TEC-MA-10004125,Technology,Machines,Cubify CubeX 3D Printer Triple Head Print,7999.98,4,0.5,-3839.9904
US-2017-168116,11/4/17,11/4/17,Same Day,GT-14635,Grant Thornton,Corporate,United States,Burlington,North Carolina,27217,South,OFF-AP-10002457,Office Supplies,Appliances,"Eureka The Boss Plus 12-Amp Hard Box Upright Vacuum, Red",167.44,2,0.2,14.651
US-2014-117135,6/21/14,6/23/14,Second Class,NP-18325,Naresj Patel,Consumer,United States,Waynesboro,Virginia,22980,South,FUR-FU-10004071,Furniture,Furnishings,Luxo Professional Magnifying Clamp-On Fluorescent Lamps,104.01,1,0,14.5614
US-2014-117135,6/21/14,6/23/14,Second Class,NP-18325,Naresj Patel,Consumer,United States,Waynesboro,Virginia,22980,South,TEC-PH-10002033,Technology,Phones,Konftel 250 Conference phone - Charcoal black,284.82,1,0,74.0532
US-2014-117135,6/21/14,6/23/14,Second Class,NP-18325,Naresj Patel,Consumer,United States,Waynesboro,Virginia,22980,South,OFF-ST-10002444,Office Supplies,Storage,Recycled Eldon Regeneration Jumbo File,36.84,3,0,10.3152
US-2017-100048,5/19/17,5/24/17,Standard Class,RS-19765,Roland Schwarz,Corporate,United States,Mount Vernon,New York,10550,East,OFF-AP-10001154,Office Supplies,Appliances,Bionaire Personal Warm Mist Humidifier/Vaporizer,281.34,6,0,109.7226
US-2017-100048,5/19/17,5/24/17,Standard Class,RS-19765,Roland Schwarz,Corporate,United States,Mount Vernon,New York,10550,East,TEC-PH-10003012,Technology,Phones,Nortel Meridian M3904 Professional Digital phone,307.98,2,0,89.3142
US-2017-100048,5/19/17,5/24/17,Standard Class,RS-19765,Roland Schwarz,Corporate,United States,Mount Vernon,New York,10550,East,TEC-AC-10001606,Technology,Accessories,Logitech Wireless Performance Mouse MX for PC and Mac,299.97,3,0,113.9886
US-2016-150861,12/3/16,12/6/16,First Class,EG-13900,Emily Grady,Consumer,United States,Oceanside,New York,11572,East,OFF-PA-10001954,Office Supplies,Paper,Xerox 1964,182.72,8,0,84.0512
US-2016-150861,12/3/16,12/6/16,First Class,EG-13900,Emily Grady,Consumer,United States,Oceanside,New York,11572,East,FUR-TA-10002228,Furniture,Tables,"Bevis Traditional Conference Table Top, Plinth Base",400.032,2,0.4,-153.3456
US-2016-150861,12/3/16,12/6/16,First Class,EG-13900,Emily Grady,Consumer,United States,Oceanside,New York,11572,East,OFF-ST-10004634,Office Supplies,Storage,"Personal Folder Holder, Ebony",33.63,3,0,10.089
US-2016-150861,12/3/16,12/6/16,First Class,EG-13900,Emily Grady,Consumer,United States,Oceanside,New York,11572,East,FUR-CH-10002965,Furniture,Chairs,"Global Leather Highback Executive Chair with Pneumatic Height Adjustment, Black",542.646,3,0.1,102.4998
US-2016-150861,12/3/16,12/6/16,First Class,EG-13900,Emily Grady,Consumer,United States,Oceanside,New York,11572,East,OFF-LA-10001317,Office Supplies,Labels,Avery 520,6.3,2,0,3.024
US-2016-146710,8/27/16,9/1/16,Standard Class,SS-20875,Sung Shariari,Consumer,United States,Dallas,Texas,75220,Central,OFF-SU-10004498,Office Supplies,Supplies,Martin-Yale Premier Letter Opener,51.52,5,0.2,-10.948
US-2016-146710,8/27/16,9/1/16,Standard Class,SS-20875,Sung Shariari,Consumer,United States,Dallas,Texas,75220,Central,OFF-PA-10002615,Office Supplies,Paper,"Ampad Gold Fibre Wirebound Steno Books, 6"" x 9"", Gregg Ruled",3.528,1,0.2,1.1466
US-2016-146710,8/27/16,9/1/16,Standard Class,SS-20875,Sung Shariari,Consumer,United States,Dallas,Texas,75220,Central,OFF-PA-10004971,Office Supplies,Paper,Xerox 196,4.624,1,0.2,1.6762
US-2016-146710,8/27/16,9/1/16,Standard Class,SS-20875,Sung Shariari,Consumer,United States,Dallas,Texas,75220,Central,OFF-SU-10004261,Office Supplies,Supplies,"Fiskars 8"" Scissors, 2/Pack",55.168,4,0.2,6.2064
US-2015-157014,10/3/15,10/6/15,Second Class,BM-11785,Bryan Mills,Consumer,United States,Columbus,Ohio,43229,East,OFF-BI-10001098,Office Supplies,Binders,Acco D-Ring Binder w/DublLock,32.07,5,0.7,-22.449
US-2015-157014,10/3/15,10/6/15,Second Class,BM-11785,Bryan Mills,Consumer,United States,Columbus,Ohio,43229,East,TEC-AC-10002167,Technology,Accessories,Imation 8gb Micro Traveldrive Usb 2.0 Flash Drive,24,2,0.2,-2.7
US-2015-157014,10/3/15,10/6/15,Second Class,BM-11785,Bryan Mills,Consumer,United States,Columbus,Ohio,43229,East,FUR-BO-10004409,Furniture,Bookcases,"Safco Value Mate Series Steel Bookcases, Baked Enamel Finish on Steel, Gray",35.49,1,0.5,-15.6156
US-2015-157014,10/3/15,10/6/15,Second Class,BM-11785,Bryan Mills,Consumer,United States,Columbus,Ohio,43229,East,TEC-AC-10000057,Technology,Accessories,Microsoft Natural Ergonomic Keyboard 4000,47.984,2,0.2,0.5998
US-2014-102071,5/9/14,5/15/14,Standard Class,PG-18820,Patrick Gardner,Consumer,United States,San Francisco,California,94110,West,TEC-AC-10003441,Technology,Accessories,Kingston Digital DataTraveler 32GB USB 2.0,67.8,4,0,4.068
US-2014-102071,5/9/14,5/15/14,Standard Class,PG-18820,Patrick Gardner,Consumer,United States,San Francisco,California,94110,West,TEC-AC-10000109,Technology,Accessories,Sony Micro Vault Click 16 GB USB 2.0 Flash Drive,167.97,3,0,40.3128
US-2014-115987,9/8/14,9/13/14,Second Class,LH-17020,Lisa Hazard,Consumer,United States,Tyler,Texas,75701,Central,OFF-BI-10001071,Office Supplies,Binders,GBC ProClick Punch Binding System,51.184,4,0.8,-79.3352
US-2017-156083,11/4/17,11/11/17,Standard Class,JL-15175,James Lanier,Home Office,United States,Columbia,Tennessee,38401,South,OFF-PA-10001560,Office Supplies,Paper,"Adams Telephone Message Books, 5 1/4” x 11”",9.664,2,0.2,3.2616
US-2016-137547,3/7/16,3/12/16,Standard Class,EB-13705,Ed Braxton,Corporate,United States,Fort Worth,Texas,76106,Central,TEC-PH-10002365,Technology,Phones,Belkin Grip Candy Sheer Case / Cover for iPhone 5 and 5S,21.072,3,0.2,1.5804
US-2014-158638,9/17/14,9/21/14,Standard Class,AG-10765,Anthony Garverick,Home Office,United States,Philadelphia,Pennsylvania,19120,East,OFF-BI-10003712,Office Supplies,Binders,"Acco Pressboard Covers with Storage Hooks, 14 7/8"" x 11"", Light Blue",5.892,4,0.7,-4.1244
US-2017-123463,12/23/17,12/23/17,Same Day,GZ-14470,Gary Zandusky,Consumer,United States,San Francisco,California,94109,West,OFF-AR-10001118,Office Supplies,Art,"Binney & Smith Crayola Metallic Crayons, 16-Color Pack",13.48,4,0,5.9312
US-2016-114622,4/10/16,4/12/16,First Class,JR-16210,Justin Ritter,Corporate,United States,Springfield,Ohio,45503,East,OFF-BI-10004716,Office Supplies,Binders,Wilson Jones Hanging Recycled Pressboard Data Binders,8.904,2,0.7,-6.5296
US-2014-141215,6/15/14,6/21/14,Standard Class,KL-16555,Kelly Lampkin,Corporate,United States,San Antonio,Texas,78207,Central,FUR-TA-10001520,Furniture,Tables,"Lesro Sheffield Collection Coffee Table, End Table, Center Table, Corner Table",99.918,2,0.3,-18.5562
US-2014-141215,6/15/14,6/21/14,Standard Class,KL-16555,Kelly Lampkin,Corporate,United States,San Antonio,Texas,78207,Central,FUR-CH-10003379,Furniture,Chairs,Global Commerce Series High-Back Swivel/Tilt Chairs,797.944,4,0.3,-56.996
US-2014-141215,6/15/14,6/21/14,Standard Class,KL-16555,Kelly Lampkin,Corporate,United States,San Antonio,Texas,78207,Central,OFF-BI-10002706,Office Supplies,Binders,Avery Premier Heavy-Duty Binder with Round Locking Rings,8.568,3,0.8,-14.5656
US-2017-111745,11/5/17,11/6/17,First Class,RA-19885,Ruben Ausman,Corporate,United States,Farmington,New Mexico,87401,West,TEC-AC-10003911,Technology,Accessories,NETGEAR AC1750 Dual Band Gigabit Smart WiFi Router,159.99,1,0,54.3966
US-2015-140200,7/26/15,7/28/15,First Class,CA-12775,Cynthia Arntzen,Consumer,United States,Mesa,Arizona,85204,West,FUR-TA-10002356,Furniture,Tables,Bevis Boat-Shaped Conference Table,393.165,3,0.5,-204.4458
US-2017-110576,11/28/17,12/2/17,Standard Class,RB-19795,Ross Baird,Home Office,United States,Philadelphia,Pennsylvania,19120,East,FUR-FU-10003601,Furniture,Furnishings,"Deflect-o RollaMat Studded, Beveled Mat for Medium Pile Carpeting",516.488,7,0.2,-12.9122
US-2017-110576,11/28/17,12/2/17,Standard Class,RB-19795,Ross Baird,Home Office,United States,Philadelphia,Pennsylvania,19120,East,FUR-FU-10000576,Furniture,Furnishings,Luxo Professional Fluorescent Magnifier Lamp with Clamp-Mount Base,1007.232,6,0.2,75.5424
US-2017-110576,11/28/17,12/2/17,Standard Class,RB-19795,Ross Baird,Home Office,United States,Philadelphia,Pennsylvania,19120,East,FUR-TA-10004154,Furniture,Tables,"Riverside Furniture Oval Coffee Table, Oval End Table, End Table with Drawer",2065.32,12,0.4,-619.596
US-2017-110576,11/28/17,12/2/17,Standard Class,RB-19795,Ross Baird,Home Office,United States,Philadelphia,Pennsylvania,19120,East,OFF-PA-10000788,Office Supplies,Paper,Xerox 210,15.552,3,0.2,5.4432
US-2017-110576,11/28/17,12/2/17,Standard Class,RB-19795,Ross Baird,Home Office,United States,Philadelphia,Pennsylvania,19120,East,OFF-PA-10002479,Office Supplies,Paper,Xerox 4200 Series MultiUse Premium Copy Paper (20Lb. and 84 Bright),25.344,6,0.2,7.92
US-2017-103247,10/5/17,10/8/17,Second Class,PO-19195,Phillina Ober,Home Office,United States,New York City,New York,10011,East,TEC-PH-10003555,Technology,Phones,Motorola HK250 Universal Bluetooth Headset,160.93,7,0,3.2186
US-2017-103247,10/5/17,10/8/17,Second Class,PO-19195,Phillina Ober,Home Office,United States,New York City,New York,10011,East,OFF-BI-10004492,Office Supplies,Binders,Tuf-Vin Binders,75.792,3,0.2,25.5798
US-2017-100209,7/9/17,7/15/17,Standard Class,TD-20995,Tamara Dahlen,Consumer,United States,Portland,Oregon,97206,West,OFF-BI-10002012,Office Supplies,Binders,Wilson Jones Easy Flow II Sheet Lifters,1.08,2,0.7,-0.792
US-2017-106705,12/26/17,1/1/18,Standard Class,PO-18850,Patrick O'Brill,Consumer,United States,Burlington,Iowa,52601,Central,OFF-PA-10001509,Office Supplies,Paper,"Recycled Desk Saver Line ""While You Were Out"" Book, 5 1/2"" X 4""",44.75,5,0,20.585
US-2015-126214,12/21/15,12/24/15,Second Class,JS-15880,John Stevenson,Consumer,United States,Seattle,Washington,98103,West,FUR-TA-10003748,Furniture,Tables,Bevis 36 x 72 Conference Tables,1618.37,13,0,356.0414
US-2015-126214,12/21/15,12/24/15,Second Class,JS-15880,John Stevenson,Consumer,United States,Seattle,Washington,98103,West,TEC-AC-10003198,Technology,Accessories,Enermax Acrylux Wireless Keyboard,99.6,1,0,36.852
US-2015-153500,7/3/15,7/5/15,First Class,DG-13300,Deirdre Greer,Corporate,United States,Philadelphia,Pennsylvania,19134,East,FUR-FU-10000293,Furniture,Furnishings,Eldon Antistatic Chair Mats for Low to Medium Pile Carpets,168.464,2,0.2,-29.4812
US-2015-153500,7/3/15,7/5/15,First Class,DG-13300,Deirdre Greer,Corporate,United States,Philadelphia,Pennsylvania,19134,East,OFF-PA-10001307,Office Supplies,Paper,"Important Message Pads, 50 4-1/4 x 5-1/2 Forms per Pad",6.72,2,0.2,2.436
US-2015-153500,7/3/15,7/5/15,First Class,DG-13300,Deirdre Greer,Corporate,United States,Philadelphia,Pennsylvania,19134,East,FUR-FU-10004460,Furniture,Furnishings,"Howard Miller 12"" Round Wall Clock",282.888,9,0.2,56.5776
US-2015-125374,3/23/15,3/29/15,Standard Class,JD-16060,Julia Dunbar,Consumer,United States,Houston,Texas,77095,Central,FUR-CH-10003396,Furniture,Chairs,Global Deluxe Steno Chair,107.772,2,0.3,-29.2524
US-2017-139955,9/28/17,9/30/17,Second Class,CM-12160,Charles McCrossin,Consumer,United States,Brownsville,Texas,78521,Central,OFF-SU-10001935,Office Supplies,Supplies,Staple remover,1.744,1,0.2,-0.3488
US-2015-150161,7/25/15,7/29/15,Standard Class,RB-19795,Ross Baird,Home Office,United States,Philadelphia,Pennsylvania,19143,East,OFF-BI-10001524,Office Supplies,Binders,GBC Premium Transparent Covers with Diagonal Lined Pattern,25.176,4,0.7,-18.4624
US-2016-143819,3/1/16,3/5/16,Standard Class,KD-16270,Karen Daniels,Consumer,United States,Yonkers,New York,10701,East,FUR-TA-10001095,Furniture,Tables,Chromcraft Round Conference Tables,836.592,8,0.4,-264.9208
US-2016-143819,3/1/16,3/5/16,Standard Class,KD-16270,Karen Daniels,Consumer,United States,Yonkers,New York,10701,East,OFF-PA-10003127,Office Supplies,Paper,Easy-staple paper,26.38,1,0,12.1348
US-2016-143819,3/1/16,3/5/16,Standard Class,KD-16270,Karen Daniels,Consumer,United States,Yonkers,New York,10701,East,OFF-ST-10003208,Office Supplies,Storage,Adjustable Depth Letter/Legal Cart,362.92,2,0,105.2468
US-2016-143819,3/1/16,3/5/16,Standard Class,KD-16270,Karen Daniels,Consumer,United States,Yonkers,New York,10701,East,TEC-MA-10003979,Technology,Machines,Ativa V4110MDD Micro-Cut Shredder,4899.93,7,0,2400.9657
US-2017-145863,4/21/17,4/27/17,Standard Class,RP-19390,Resi Pölking,Consumer,United States,Houston,Texas,77041,Central,OFF-BI-10004140,Office Supplies,Binders,Avery Non-Stick Binders,2.694,3,0.8,-4.7145
US-2017-145863,4/21/17,4/27/17,Standard Class,RP-19390,Resi Pölking,Consumer,United States,Houston,Texas,77041,Central,OFF-BI-10002049,Office Supplies,Binders,UniKeep View Case Binders,2.934,3,0.8,-4.9878
US-2016-110156,11/19/16,11/24/16,Standard Class,EH-13945,Eric Hoffmann,Consumer,United States,Houston,Texas,77041,Central,OFF-ST-10000642,Office Supplies,Storage,"Tennsco Lockers, Gray",100.704,6,0.2,-16.3644
US-2016-110156,11/19/16,11/24/16,Standard Class,EH-13945,Eric Hoffmann,Consumer,United States,Houston,Texas,77041,Central,FUR-FU-10000206,Furniture,Furnishings,"GE General Purpose, Extra Long Life, Showcase & Floodlight Incandescent Bulbs",2.328,2,0.6,-0.7566
US-2016-110156,11/19/16,11/24/16,Standard Class,EH-13945,Eric Hoffmann,Consumer,United States,Houston,Texas,77041,Central,OFF-BI-10003676,Office Supplies,Binders,"GBC Standard Recycled Report Covers, Clear Plastic Sheets",10.78,5,0.8,-17.248
US-2016-110156,11/19/16,11/24/16,Standard Class,EH-13945,Eric Hoffmann,Consumer,United States,Houston,Texas,77041,Central,OFF-FA-10003495,Office Supplies,Fasteners,Staples,58.368,12,0.2,21.888
US-2016-110156,11/19/16,11/24/16,Standard Class,EH-13945,Eric Hoffmann,Consumer,United States,Houston,Texas,77041,Central,OFF-EN-10003798,Office Supplies,Envelopes,"Recycled Interoffice Envelopes with Re-Use-A-Seal Closure, 10 x 13",40.968,3,0.2,13.8267
US-2016-110156,11/19/16,11/24/16,Standard Class,EH-13945,Eric Hoffmann,Consumer,United States,Houston,Texas,77041,Central,TEC-PH-10003589,Technology,Phones,invisibleSHIELD by ZAGG Smudge-Free Screen Protector,71.96,5,0.2,25.186
US-2016-110156,11/19/16,11/24/16,Standard Class,EH-13945,Eric Hoffmann,Consumer,United States,Houston,Texas,77041,Central,OFF-PA-10004735,Office Supplies,Paper,Xerox 1905,10.368,2,0.2,3.6288
US-2016-110156,11/19/16,11/24/16,Standard Class,EH-13945,Eric Hoffmann,Consumer,United States,Houston,Texas,77041,Central,OFF-BI-10002609,Office Supplies,Binders,Avery Hidden Tab Dividers for Binding Systems,1.192,2,0.8,-2.0264
US-2014-147627,1/20/14,1/26/14,Standard Class,HL-15040,Hunter Lopez,Consumer,United States,Jonesboro,Arkansas,72401,South,TEC-PH-10001061,Technology,Phones,Apple iPhone 5C,699.93,7,0,181.9818
US-2014-147627,1/20/14,1/26/14,Standard Class,HL-15040,Hunter Lopez,Consumer,United States,Jonesboro,Arkansas,72401,South,OFF-AR-10002375,Office Supplies,Art,Newell 351,22.96,7,0,6.6584
US-2014-147627,1/20/14,1/26/14,Standard Class,HL-15040,Hunter Lopez,Consumer,United States,Jonesboro,Arkansas,72401,South,FUR-FU-10003194,Furniture,Furnishings,"Eldon Expressions Desk Accessory, Wood Pencil Holder, Oak",38.6,4,0,11.58
US-2014-147627,1/20/14,1/26/14,Standard Class,HL-15040,Hunter Lopez,Consumer,United States,Jonesboro,Arkansas,72401,South,OFF-AR-10003811,Office Supplies,Art,Newell 327,6.63,3,0,1.7901
US-2014-147627,1/20/14,1/26/14,Standard Class,HL-15040,Hunter Lopez,Consumer,United States,Jonesboro,Arkansas,72401,South,OFF-EN-10001539,Office Supplies,Envelopes,Staple envelope,23.34,3,0,10.9698
US-2014-147627,1/20/14,1/26/14,Standard Class,HL-15040,Hunter Lopez,Consumer,United States,Jonesboro,Arkansas,72401,South,FUR-CH-10002331,Furniture,Chairs,Hon 4700 Series Mobuis Mid-Back Task Chairs with Adjustable Arms,1067.94,3,0,224.2674
US-2016-114776,12/6/16,12/7/16,First Class,GG-14650,Greg Guthrie,Corporate,United States,Antioch,California,94509,West,OFF-PA-10004100,Office Supplies,Paper,Xerox 216,19.44,3,0,9.3312
US-2016-134908,6/5/16,6/9/16,Standard Class,JS-15940,Joni Sundaresam,Home Office,United States,Philadelphia,Pennsylvania,19134,East,OFF-ST-10003479,Office Supplies,Storage,"Eldon Base for stackable storage shelf, platinum",124.608,4,0.2,-23.364
US-2016-134908,6/5/16,6/9/16,Standard Class,JS-15940,Joni Sundaresam,Home Office,United States,Philadelphia,Pennsylvania,19134,East,OFF-LA-10000973,Office Supplies,Labels,Avery 502,7.56,3,0.2,2.646
US-2016-148803,12/11/16,12/11/16,Same Day,LR-16915,Lena Radford,Consumer,United States,Homestead,Florida,33030,South,OFF-ST-10001476,Office Supplies,Storage,Steel Personal Filing/Posting Tote,85.224,3,0.2,7.4571
US-2014-100279,3/10/14,3/14/14,Standard Class,SW-20275,Scott Williamson,Consumer,United States,Royal Oak,Michigan,48073,Central,OFF-PA-10002259,Office Supplies,Paper,"Geographics Note Cards, Blank, White, 8 1/2"" x 11""",22.38,2,0,10.7424
US-2015-104430,10/22/15,10/26/15,Standard Class,LT-17110,Liz Thompson,Consumer,United States,Bloomington,Illinois,61701,Central,OFF-BI-10000301,Office Supplies,Binders,GBC Instant Report Kit,5.176,4,0.8,-7.764
US-2015-130519,9/15/15,9/15/15,Same Day,NG-18355,Nat Gilpin,Corporate,United States,Coral Springs,Florida,33065,South,OFF-PA-10001937,Office Supplies,Paper,Xerox 21,15.552,3,0.2,5.4432
US-2015-130519,9/15/15,9/15/15,Same Day,NG-18355,Nat Gilpin,Corporate,United States,Coral Springs,Florida,33065,South,FUR-FU-10002268,Furniture,Furnishings,Ultra Door Push Plate,15.712,4,0.2,2.5532
US-2015-130519,9/15/15,9/15/15,Same Day,NG-18355,Nat Gilpin,Corporate,United States,Coral Springs,Florida,33065,South,OFF-ST-10001321,Office Supplies,Storage,"Decoflex Hanging Personal Folder File, Blue",24.672,2,0.2,2.1588
US-2015-130519,9/15/15,9/15/15,Same Day,NG-18355,Nat Gilpin,Corporate,United States,Coral Springs,Florida,33065,South,FUR-FU-10003394,Furniture,Furnishings,"Tenex ""The Solids"" Textured Chair Mats",55.968,1,0.2,-2.0988
US-2017-118087,9/9/17,9/13/17,Standard Class,SP-20620,Stefania Perrino,Corporate,United States,Philadelphia,Pennsylvania,19134,East,FUR-CH-10004860,Furniture,Chairs,Global Low Back Tilter Chair,141.372,2,0.3,-48.4704
US-2017-118087,9/9/17,9/13/17,Standard Class,SP-20620,Stefania Perrino,Corporate,United States,Philadelphia,Pennsylvania,19134,East,OFF-BI-10002432,Office Supplies,Binders,Wilson Jones Standard D-Ring Binders,3.036,2,0.7,-2.3276
US-2017-118087,9/9/17,9/13/17,Standard Class,SP-20620,Stefania Perrino,Corporate,United States,Philadelphia,Pennsylvania,19134,East,OFF-BI-10000069,Office Supplies,Binders,"GBC Prepunched Paper, 19-Hole, for Binding Systems, 24-lb",4.503,1,0.7,-3.6024
US-2017-118087,9/9/17,9/13/17,Standard Class,SP-20620,Stefania Perrino,Corporate,United States,Philadelphia,Pennsylvania,19134,East,OFF-AR-10003602,Office Supplies,Art,"Quartet Omega Colored Chalk, 12/Pack",4.672,1,0.2,1.5768
US-2017-118087,9/9/17,9/13/17,Standard Class,SP-20620,Stefania Perrino,Corporate,United States,Philadelphia,Pennsylvania,19134,East,TEC-AC-10004469,Technology,Accessories,Microsoft Sculpt Comfort Mouse,95.88,3,0.2,28.764
US-2017-118087,9/9/17,9/13/17,Standard Class,SP-20620,Stefania Perrino,Corporate,United States,Philadelphia,Pennsylvania,19134,East,FUR-FU-10001867,Furniture,Furnishings,"Eldon Expressions Punched Metal & Wood Desk Accessories, Pewter & Cherry",17.024,2,0.2,1.7024
US-2017-118087,9/9/17,9/13/17,Standard Class,SP-20620,Stefania Perrino,Corporate,United States,Philadelphia,Pennsylvania,19134,East,TEC-AC-10003174,Technology,Accessories,Plantronics S12 Corded Telephone Headset System,258.696,3,0.2,64.674
US-2017-118087,9/9/17,9/13/17,Standard Class,SP-20620,Stefania Perrino,Corporate,United States,Philadelphia,Pennsylvania,19134,East,TEC-PH-10002200,Technology,Phones,Samsung Galaxy Note 2,1931.958,7,0.4,-386.3916
US-2016-162859,2/15/16,2/22/16,Standard Class,PG-18820,Patrick Gardner,Consumer,United States,New York City,New York,10009,East,OFF-BI-10004519,Office Supplies,Binders,GBC DocuBind P100 Manual Binding Machine,398.352,3,0.2,124.485
US-2016-162859,2/15/16,2/22/16,Standard Class,PG-18820,Patrick Gardner,Consumer,United States,New York City,New York,10009,East,OFF-FA-10000304,Office Supplies,Fasteners,Advantus Push Pins,8.72,4,0,3.5752
US-2016-168620,12/24/16,12/28/16,Second Class,RB-19795,Ross Baird,Home Office,United States,Charlotte,North Carolina,28205,South,OFF-BI-10001575,Office Supplies,Binders,GBC Linen Binding Covers,27.882,3,0.7,-20.4468
US-2016-168620,12/24/16,12/28/16,Second Class,RB-19795,Ross Baird,Home Office,United States,Charlotte,North Carolina,28205,South,OFF-ST-10003716,Office Supplies,Storage,Tennsco Double-Tier Lockers,540.048,3,0.2,-47.2542
US-2016-168620,12/24/16,12/28/16,Second Class,RB-19795,Ross Baird,Home Office,United States,Charlotte,North Carolina,28205,South,TEC-AC-10004469,Technology,Accessories,Microsoft Sculpt Comfort Mouse,255.68,8,0.2,76.704
US-2016-144393,10/28/16,11/4/16,Standard Class,SM-20950,Suzanne McNair,Corporate,United States,Greenville,North Carolina,27834,South,OFF-BI-10004236,Office Supplies,Binders,"XtraLife ClearVue Slant-D Ring Binder, White, 3""",17.616,4,0.7,-14.0928
US-2014-167738,12/24/14,12/29/14,Standard Class,JC-16105,Julie Creighton,Corporate,United States,Los Angeles,California,90045,West,OFF-ST-10003306,Office Supplies,Storage,Letter Size Cart,142.86,1,0,41.4294
US-2014-167738,12/24/14,12/29/14,Standard Class,JC-16105,Julie Creighton,Corporate,United States,Los Angeles,California,90045,West,FUR-CH-10001146,Furniture,Chairs,"Global Value Mid-Back Manager's Chair, Gray",292.272,6,0.2,18.267
US-2016-103646,4/21/16,4/26/16,Standard Class,SP-20545,Sibella Parks,Corporate,United States,Chicago,Illinois,60623,Central,OFF-ST-10000563,Office Supplies,Storage,Fellowes Bankers Box Stor/Drawer Steel Plus,102.336,4,0.2,-12.792
US-2016-103646,4/21/16,4/26/16,Standard Class,SP-20545,Sibella Parks,Corporate,United States,Chicago,Illinois,60623,Central,OFF-AP-10004487,Office Supplies,Appliances,Kensington 4 Outlet MasterPiece Compact Power Control Center,48.792,3,0.8,-126.8592
US-2016-103646,4/21/16,4/26/16,Standard Class,SP-20545,Sibella Parks,Corporate,United States,Chicago,Illinois,60623,Central,OFF-BI-10002854,Office Supplies,Binders,"Performers Binder/Pad Holder, Black",44.848,8,0.8,-67.272
US-2015-149692,12/6/15,12/12/15,Standard Class,KW-16435,Katrina Willman,Consumer,United States,Austin,Texas,78745,Central,OFF-BI-10002813,Office Supplies,Binders,Avery Reinforcements for Hole-Punch Pages,2.772,7,0.8,-4.851
US-2017-126179,7/3/17,7/7/17,Standard Class,CS-12460,Chuck Sachs,Consumer,United States,Columbus,Georgia,31907,South,FUR-FU-10002554,Furniture,Furnishings,"Westinghouse Floor Lamp with Metal Mesh Shade, Black",23.99,1,0,5.5177
US-2017-126179,7/3/17,7/7/17,Standard Class,CS-12460,Chuck Sachs,Consumer,United States,Columbus,Georgia,31907,South,TEC-PH-10001557,Technology,Phones,Pyle PMP37LED,287.97,3,0,77.7519
US-2016-134488,9/24/16,10/1/16,Standard Class,PK-19075,Pete Kriz,Consumer,United States,Columbus,Ohio,43229,East,FUR-CH-10003199,Furniture,Chairs,Office Star - Contemporary Task Swivel Chair,155.372,2,0.3,-13.3176
US-2014-117058,5/27/14,5/30/14,First Class,LE-16810,Laurel Elliston,Consumer,United States,Chicago,Illinois,60653,Central,OFF-BI-10004139,Office Supplies,Binders,Fellowes Presentation Covers for Comb Binding Machines,17.46,6,0.8,-30.555
US-2017-123281,4/2/17,4/7/17,Standard Class,JF-15190,Jamie Frazer,Consumer,United States,Los Angeles,California,90008,West,FUR-FU-10003724,Furniture,Furnishings,Westinghouse Clip-On Gooseneck Lamps,25.11,3,0,6.5286
US-2014-160444,7/5/14,7/5/14,Same Day,DC-12850,Dan Campbell,Consumer,United States,Houston,Texas,77036,Central,OFF-ST-10001522,Office Supplies,Storage,"Gould Plastics 18-Pocket Panel Bin, 34w x 5-1/4d x 20-1/2h",220.776,3,0.2,-44.1552
US-2014-160444,7/5/14,7/5/14,Same Day,DC-12850,Dan Campbell,Consumer,United States,Houston,Texas,77036,Central,OFF-ST-10000563,Office Supplies,Storage,Fellowes Bankers Box Stor/Drawer Steel Plus,281.424,11,0.2,-35.178
US-2014-151925,9/26/14,10/1/14,Second Class,KT-16465,Kean Takahito,Consumer,United States,Los Angeles,California,90049,West,FUR-CH-10002961,Furniture,Chairs,"Leather Task Chair, Black",145.568,2,0.2,0
US-2017-155425,11/10/17,11/11/17,First Class,AB-10600,Ann Blume,Corporate,United States,Tucson,Arizona,85705,West,OFF-BI-10001036,Office Supplies,Binders,Cardinal EasyOpen D-Ring Binders,38.388,14,0.7,-25.592
US-2017-155425,11/10/17,11/11/17,First Class,AB-10600,Ann Blume,Corporate,United States,Tucson,Arizona,85705,West,TEC-MA-10003183,Technology,Machines,DYMO CardScan Personal V9 Business Card Scanner,95.994,2,0.7,-63.996
US-2017-155425,11/10/17,11/11/17,First Class,AB-10600,Ann Blume,Corporate,United States,Tucson,Arizona,85705,West,TEC-AC-10001314,Technology,Accessories,Case Logic 2.4GHz Wireless Keyboard,239.952,6,0.2,-35.9928
US-2017-155425,11/10/17,11/11/17,First Class,AB-10600,Ann Blume,Corporate,United States,Tucson,Arizona,85705,West,TEC-PH-10002563,Technology,Phones,Adtran 1202752G1,201.584,2,0.2,15.1188
US-2017-155425,11/10/17,11/11/17,First Class,AB-10600,Ann Blume,Corporate,United States,Tucson,Arizona,85705,West,FUR-CH-10003312,Furniture,Chairs,Hon 2090 “Pillow Soft” Series Mid Back Swivel/Tilt Chairs,899.136,4,0.2,-146.1096
US-2015-103471,12/24/15,12/28/15,Standard Class,JR-15670,Jim Radford,Consumer,United States,Colorado Springs,Colorado,80906,West,FUR-BO-10002613,Furniture,Bookcases,"Atlantic Metals Mobile 4-Shelf Bookcases, Custom Colors",590.058,7,0.7,-786.744
US-2015-103471,12/24/15,12/28/15,Standard Class,JR-15670,Jim Radford,Consumer,United States,Colorado Springs,Colorado,80906,West,OFF-AR-10003405,Office Supplies,Art,"Dixon My First Ticonderoga Pencil, #2",14.04,3,0.2,1.5795
US-2014-157021,4/1/14,4/6/14,Second Class,KM-16720,Kunst Miller,Consumer,United States,Vallejo,California,94591,West,OFF-LA-10002312,Office Supplies,Labels,Avery 490,29.6,2,0,14.8
US-2014-157021,4/1/14,4/6/14,Second Class,KM-16720,Kunst Miller,Consumer,United States,Vallejo,California,94591,West,OFF-BI-10000042,Office Supplies,Binders,"Pressboard Data Binder, Crimson, 12"" X 8 1/2""",17.088,4,0.2,5.5536
US-2016-100566,9/3/16,9/9/16,Standard Class,JK-16120,Julie Kriz,Home Office,United States,Aurora,Illinois,60505,Central,FUR-FU-10003394,Furniture,Furnishings,"Tenex ""The Solids"" Textured Chair Mats",83.952,3,0.6,-90.2484
US-2016-108504,2/5/16,2/5/16,Same Day,PP-18955,Paul Prost,Home Office,United States,Smyrna,Georgia,30080,South,OFF-ST-10002344,Office Supplies,Storage,"Carina 42""Hx23 3/4""W Media Storage Unit",80.98,1,0,1.6196
US-2016-108504,2/5/16,2/5/16,Same Day,PP-18955,Paul Prost,Home Office,United States,Smyrna,Georgia,30080,South,OFF-PA-10001289,Office Supplies,Paper,White Computer Printout Paper by Universal,348.84,9,0,170.9316
US-2016-108504,2/5/16,2/5/16,Same Day,PP-18955,Paul Prost,Home Office,United States,Smyrna,Georgia,30080,South,OFF-FA-10000053,Office Supplies,Fasteners,Revere Boxed Rubber Bands by Revere,9.45,5,0,0.189
US-2016-108504,2/5/16,2/5/16,Same Day,PP-18955,Paul Prost,Home Office,United States,Smyrna,Georgia,30080,South,FUR-FU-10004091,Furniture,Furnishings,"Eldon 200 Class Desk Accessories, Black",18.84,3,0,7.1592
US-2016-108504,2/5/16,2/5/16,Same Day,PP-18955,Paul Prost,Home Office,United States,Smyrna,Georgia,30080,South,FUR-BO-10004015,Furniture,Bookcases,"Bush Andora Bookcase, Maple/Graphite Gray Finish",239.98,2,0,52.7956
US-2016-108504,2/5/16,2/5/16,Same Day,PP-18955,Paul Prost,Home Office,United States,Smyrna,Georgia,30080,South,OFF-EN-10003001,Office Supplies,Envelopes,Ames Color-File Green Diamond Border X-ray Mailers,167.96,2,0,78.9412
US-2016-108504,2/5/16,2/5/16,Same Day,PP-18955,Paul Prost,Home Office,United States,Smyrna,Georgia,30080,South,TEC-PH-10000215,Technology,Phones,Plantronics Cordless Phone Headset with In-line Volume - M214C,104.85,3,0,28.3095
US-2016-108504,2/5/16,2/5/16,Same Day,PP-18955,Paul Prost,Home Office,United States,Smyrna,Georgia,30080,South,TEC-PH-10003645,Technology,Phones,Aastra 57i VoIP phone,484.83,3,0,126.0558
US-2016-108504,2/5/16,2/5/16,Same Day,PP-18955,Paul Prost,Home Office,United States,Smyrna,Georgia,30080,South,OFF-PA-10000357,Office Supplies,Paper,"White Dual Perf Computer Printout Paper, 2700 Sheets, 1 Part, Heavyweight, 20 lbs., 14 7/8 x 11",122.97,3,0,60.2553
US-2016-108504,2/5/16,2/5/16,Same Day,PP-18955,Paul Prost,Home Office,United States,Smyrna,Georgia,30080,South,OFF-ST-10004804,Office Supplies,Storage,"Belkin 19"" Vented Equipment Shelf, Black",154.44,3,0,1.5444
US-2016-108504,2/5/16,2/5/16,Same Day,PP-18955,Paul Prost,Home Office,United States,Smyrna,Georgia,30080,South,OFF-PA-10003892,Office Supplies,Paper,Xerox 1943,342.37,7,0,160.9139
US-2017-117247,10/9/17,10/14/17,Standard Class,CK-12760,Cyma Kinney,Corporate,United States,Aurora,Illinois,60505,Central,FUR-TA-10002958,Furniture,Tables,"Bevis Oval Conference Table, Walnut",652.45,5,0.5,-430.617
US-2017-117247,10/9/17,10/14/17,Standard Class,CK-12760,Cyma Kinney,Corporate,United States,Aurora,Illinois,60505,Central,FUR-TA-10001676,Furniture,Tables,Hon 61000 Series Interactive Training Tables,66.645,3,0.5,-42.6528
US-2016-161396,4/19/16,4/25/16,Standard Class,GM-14455,Gary Mitchum,Home Office,United States,Columbus,Ohio,43229,East,FUR-TA-10002622,Furniture,Tables,"Bush Andora Conference Table, Maple/Graphite Gray Finish",205.176,2,0.4,-58.1332
US-2016-161396,4/19/16,4/25/16,Standard Class,GM-14455,Gary Mitchum,Home Office,United States,Columbus,Ohio,43229,East,OFF-PA-10000418,Office Supplies,Paper,Xerox 189,419.4,5,0.2,146.79
US-2014-118486,4/6/14,4/8/14,First Class,SD-20485,Shirley Daniels,Home Office,United States,Philadelphia,Pennsylvania,19143,East,OFF-SU-10004498,Office Supplies,Supplies,Martin-Yale Premier Letter Opener,10.304,1,0.2,-2.1896
US-2014-118486,4/6/14,4/8/14,First Class,SD-20485,Shirley Daniels,Home Office,United States,Philadelphia,Pennsylvania,19143,East,FUR-TA-10001039,Furniture,Tables,KI Adjustable-Height Table,154.764,3,0.4,-36.1116
US-2014-118486,4/6/14,4/8/14,First Class,SD-20485,Shirley Daniels,Home Office,United States,Philadelphia,Pennsylvania,19143,East,TEC-AC-10004659,Technology,Accessories,Imation Secure+ Hardware Encrypted USB 2.0 Flash Drive; 16GB,116.784,2,0.2,21.897
US-2016-122245,9/25/16,9/30/16,Standard Class,AB-10105,Adrian Barton,Consumer,United States,Phoenix,Arizona,85023,West,FUR-TA-10002356,Furniture,Tables,Bevis Boat-Shaped Conference Table,393.165,3,0.5,-204.4458
US-2015-164448,10/31/15,11/4/15,Second Class,DK-12835,Damala Kotsonis,Corporate,United States,Salinas,California,93905,West,OFF-BI-10002949,Office Supplies,Binders,Prestige Round Ring Binders,9.728,2,0.2,3.2832
US-2015-164448,10/31/15,11/4/15,Second Class,DK-12835,Damala Kotsonis,Corporate,United States,Salinas,California,93905,West,OFF-EN-10002600,Office Supplies,Envelopes,"Redi-Strip #10 Envelopes, 4 1/8 x 9 1/2",14.75,5,0,7.08
US-2015-164448,10/31/15,11/4/15,Second Class,DK-12835,Damala Kotsonis,Corporate,United States,Salinas,California,93905,West,OFF-BI-10003708,Office Supplies,Binders,"Acco Four Pocket Poly Ring Binder with Label Holder, Smoke, 1""",29.8,5,0.2,9.3125
US-2015-164448,10/31/15,11/4/15,Second Class,DK-12835,Damala Kotsonis,Corporate,United States,Salinas,California,93905,West,OFF-LA-10003510,Office Supplies,Labels,"Avery 4027 File Folder Labels for Dot Matrix Printers, 5000 Labels per Box, White",427.42,14,0,196.6132
US-2016-153129,12/26/16,12/30/16,Standard Class,FP-14320,Frank Preis,Consumer,United States,Seattle,Washington,98105,West,OFF-PA-10003673,Office Supplies,Paper,Strathmore Photo Mount Cards,33.9,5,0,15.594
US-2014-112564,4/23/14,4/24/14,First Class,TS-21160,Theresa Swint,Corporate,United States,Philadelphia,Pennsylvania,19134,East,OFF-BI-10004876,Office Supplies,Binders,Wilson Jones Suede Grain Vinyl Binders,2.502,3,0.7,-1.7514
US-2015-160150,7/19/15,7/20/15,First Class,TS-21085,Thais Sissman,Consumer,United States,Phoenix,Arizona,85023,West,OFF-BI-10004352,Office Supplies,Binders,Wilson Jones DublLock D-Ring Binders,2.025,1,0.7,-1.35
US-2016-128902,3/11/16,3/15/16,Standard Class,MB-18085,Mick Brown,Consumer,United States,Vineland,New Jersey,8360,East,FUR-TA-10001095,Furniture,Tables,Chromcraft Round Conference Tables,244.006,2,0.3,-31.3722
US-2016-104794,12/16/16,12/19/16,First Class,KD-16495,Keith Dawkins,Corporate,United States,New York City,New York,10009,East,OFF-FA-10001754,Office Supplies,Fasteners,Stockwell Gold Paper Clips,3.68,2,0,1.8032
US-2015-161466,9/24/15,9/27/15,Second Class,ON-18715,Odella Nelson,Corporate,United States,Philadelphia,Pennsylvania,19120,East,OFF-AR-10000634,Office Supplies,Art,Newell 320,6.848,2,0.2,0.5992
US-2015-105676,12/1/15,12/2/15,Same Day,NM-18520,Neoma Murray,Consumer,United States,Houston,Texas,77036,Central,FUR-FU-10004270,Furniture,Furnishings,"Eldon Image Series Desk Accessories, Burgundy",6.688,4,0.6,-4.0128
US-2017-104955,3/19/17,3/24/17,Standard Class,CG-12040,Catherine Glotzbach,Home Office,United States,New York City,New York,10024,East,OFF-LA-10003121,Office Supplies,Labels,Avery 506,28.91,7,0,13.2986
US-2016-108455,12/2/16,12/8/16,Standard Class,MK-18160,Mike Kennedy,Consumer,United States,San Francisco,California,94122,West,OFF-PA-10002262,Office Supplies,Paper,Xerox 192,25.92,4,0,12.4416
US-2016-108455,12/2/16,12/8/16,Standard Class,MK-18160,Mike Kennedy,Consumer,United States,San Francisco,California,94122,West,OFF-PA-10002464,Office Supplies,Paper,HP Office Recycled Paper (20Lb. and 87 Bright),40.46,7,0,19.8254
US-2016-108455,12/2/16,12/8/16,Standard Class,MK-18160,Mike Kennedy,Consumer,United States,San Francisco,California,94122,West,OFF-ST-10002214,Office Supplies,Storage,X-Rack File for Hanging Folders,33.87,3,0,8.8062
US-2016-108098,10/14/16,10/18/16,Standard Class,CP-12340,Christine Phan,Corporate,United States,Seattle,Washington,98115,West,TEC-AC-10000865,Technology,Accessories,WD My Passport Ultra 500GB Portable External Hard Drive,177,3,0,30.09
US-2017-160759,12/11/17,12/17/17,Standard Class,AI-10855,Arianne Irving,Consumer,United States,Philadelphia,Pennsylvania,19120,East,FUR-CH-10002961,Furniture,Chairs,"Leather Task Chair, Black",63.686,1,0.3,-9.098
US-2017-124926,11/13/17,11/18/17,Second Class,ME-17320,Maria Etezadi,Home Office,United States,Houston,Texas,77095,Central,OFF-AP-10004868,Office Supplies,Appliances,Hoover Commercial Soft Guard Upright Vacuum And Disposable Filtration Bags,9.324,6,0.8,-24.7086
US-2017-102890,6/30/17,6/30/17,Same Day,SG-20470,Sheri Gordon,Consumer,United States,New York City,New York,10011,East,FUR-TA-10000577,Furniture,Tables,Bretford CR4500 Series Slim Rectangular Table,1044.63,5,0.4,-295.9785
US-2017-152002,6/11/17,6/11/17,Same Day,DV-13465,Dianna Vittorini,Consumer,United States,Los Angeles,California,90004,West,OFF-PA-10000357,Office Supplies,Paper,"White Dual Perf Computer Printout Paper, 2700 Sheets, 1 Part, Heavyweight, 20 lbs., 14 7/8 x 11",122.97,3,0,60.2553
US-2014-157385,11/23/14,11/25/14,First Class,SC-20095,Sanjit Chand,Consumer,United States,Los Angeles,California,90004,West,FUR-CH-10000863,Furniture,Chairs,Novimex Swivel Fabric Task Chair,603.92,5,0.2,-67.941
US-2014-157385,11/23/14,11/25/14,First Class,SC-20095,Sanjit Chand,Consumer,United States,Los Angeles,California,90004,West,OFF-EN-10003160,Office Supplies,Envelopes,Pastel Pink Envelopes,21.84,3,0,10.4832
US-2014-157385,11/23/14,11/25/14,First Class,SC-20095,Sanjit Chand,Consumer,United States,Los Angeles,California,90004,West,TEC-AC-10003280,Technology,Accessories,Belkin F8E887 USB Wired Ergonomic Keyboard,29.99,1,0,6.2979
US-2014-157385,11/23/14,11/25/14,First Class,SC-20095,Sanjit Chand,Consumer,United States,Los Angeles,California,90004,West,FUR-CH-10000595,Furniture,Chairs,Safco Contoured Stacking Chairs,381.44,2,0.2,23.84
US-2016-132423,4/15/16,4/19/16,Standard Class,MY-18295,Muhammed Yedwab,Corporate,United States,Grapevine,Texas,76051,Central,OFF-AR-10001221,Office Supplies,Art,"Dixon Ticonderoga Erasable Colored Pencil Set, 12-Color",33.488,7,0.2,5.8604
US-2016-132423,4/15/16,4/19/16,Standard Class,MY-18295,Muhammed Yedwab,Corporate,United States,Grapevine,Texas,76051,Central,OFF-FA-10002988,Office Supplies,Fasteners,Ideal Clamps,8.04,5,0.2,2.9145
US-2016-132857,12/11/16,12/17/16,Standard Class,CA-12775,Cynthia Arntzen,Consumer,United States,Smyrna,Tennessee,37167,South,OFF-AR-10003251,Office Supplies,Art,Prang Drawing Pencil Set,6.672,3,0.2,1.668
US-2016-115819,4/19/16,4/24/16,Second Class,JO-15280,Jas O'Carroll,Consumer,United States,Los Angeles,California,90049,West,TEC-PH-10004700,Technology,Phones,PowerGen Dual USB Car Charger,39.96,5,0.2,12.987
US-2016-115819,4/19/16,4/24/16,Second Class,JO-15280,Jas O'Carroll,Consumer,United States,Los Angeles,California,90049,West,OFF-AR-10000823,Office Supplies,Art,Newell 307,5.46,3,0,1.5288
US-2016-115819,4/19/16,4/24/16,Second Class,JO-15280,Jas O'Carroll,Consumer,United States,Los Angeles,California,90049,West,OFF-AR-10004456,Office Supplies,Art,Panasonic KP-4ABK Battery-Operated Pencil Sharpener,73.2,5,0,21.228
US-2016-115819,4/19/16,4/24/16,Second Class,JO-15280,Jas O'Carroll,Consumer,United States,Los Angeles,California,90049,West,OFF-BI-10000050,Office Supplies,Binders,"Angle-D Binders with Locking Rings, Label Holders",5.84,1,0.2,1.971
US-2016-115819,4/19/16,4/24/16,Second Class,JO-15280,Jas O'Carroll,Consumer,United States,Los Angeles,California,90049,West,OFF-PA-10002377,Office Supplies,Paper,"Adams Telephone Message Book W/Dividers/Space For Phone Numbers, 5 1/4""X8 1/2"", 200/Messages",22.72,4,0,10.224
US-2016-115819,4/19/16,4/24/16,Second Class,JO-15280,Jas O'Carroll,Consumer,United States,Los Angeles,California,90049,West,OFF-BI-10000591,Office Supplies,Binders,Avery Binder Labels,9.336,3,0.2,3.2676
US-2016-113509,3/15/16,3/19/16,Standard Class,PL-18925,Paul Lucas,Home Office,United States,Philadelphia,Pennsylvania,19143,East,TEC-AC-10004855,Technology,Accessories,V7 USB Numeric Keypad,83.976,3,0.2,-13.6461
US-2016-118780,9/10/16,9/14/16,Second Class,PN-18775,Parhena Norris,Home Office,United States,New York City,New York,10011,East,OFF-ST-10000352,Office Supplies,Storage,Acco Perma 2700 Stacking Storage Drawers,59.48,2,0,8.922
US-2016-118780,9/10/16,9/14/16,Second Class,PN-18775,Parhena Norris,Home Office,United States,New York City,New York,10011,East,OFF-PA-10000575,Office Supplies,Paper,"Wirebound Message Books, Four 2 3/4 x 5 White Forms per Page",6.69,1,0,3.0774
US-2014-134712,11/29/14,12/4/14,Standard Class,BS-11380,Bill Stewart,Corporate,United States,Skokie,Illinois,60076,Central,OFF-FA-10003112,Office Supplies,Fasteners,Staples,12.624,2,0.2,3.945
US-2017-132444,11/18/17,11/21/17,First Class,CD-12280,Christina DeMoss,Consumer,United States,Seattle,Washington,98105,West,OFF-ST-10003442,Office Supplies,Storage,Eldon Portable Mobile Manager,169.68,6,0,45.8136
US-2017-132444,11/18/17,11/21/17,First Class,CD-12280,Christina DeMoss,Consumer,United States,Seattle,Washington,98105,West,TEC-AC-10003832,Technology,Accessories,Imation 16GB Mini TravelDrive USB 2.0 Flash Drive,132.52,4,0,54.3332
US-2017-132444,11/18/17,11/21/17,First Class,CD-12280,Christina DeMoss,Consumer,United States,Seattle,Washington,98105,West,OFF-FA-10000611,Office Supplies,Fasteners,Binder Clips by OIC,2.96,2,0,1.4208
US-2017-132444,11/18/17,11/21/17,First Class,CD-12280,Christina DeMoss,Consumer,United States,Seattle,Washington,98105,West,OFF-BI-10001116,Office Supplies,Binders,"Wilson Jones 1"" Hanging DublLock Ring Binders",8.448,2,0.2,2.9568
US-2017-132444,11/18/17,11/21/17,First Class,CD-12280,Christina DeMoss,Consumer,United States,Seattle,Washington,98105,West,OFF-ST-10000563,Office Supplies,Storage,Fellowes Bankers Box Stor/Drawer Steel Plus,95.94,3,0,9.594
US-2015-157154,1/10/15,1/15/15,Standard Class,MM-17920,Michael Moore,Consumer,United States,New York City,New York,10011,East,FUR-TA-10001889,Furniture,Tables,Bush Advantage Collection Racetrack Conference Table,1018.104,4,0.4,-373.3048
US-2016-101497,9/29/16,10/1/16,Second Class,PS-18760,Pamela Stobb,Consumer,United States,Los Angeles,California,90008,West,OFF-PA-10000176,Office Supplies,Paper,Xerox 1887,18.97,1,0,9.1056
US-2016-154361,3/14/16,3/19/16,Standard Class,HZ-14950,Henia Zydlo,Consumer,United States,Columbus,Ohio,43229,East,FUR-FU-10004020,Furniture,Furnishings,Advantus Panel Wall Acrylic Frame,21.88,5,0.2,6.2905
US-2016-158708,6/26/16,6/29/16,Second Class,AB-10255,Alejandro Ballentine,Home Office,United States,Plano,Texas,75023,Central,TEC-AC-10003133,Technology,Accessories,Memorex Mini Travel Drive 4 GB USB 2.0 Flash Drive,13.616,2,0.2,3.5742
US-2017-124968,9/8/17,9/13/17,Second Class,MM-18055,Michelle Moray,Consumer,United States,Chicago,Illinois,60610,Central,FUR-TA-10004289,Furniture,Tables,BoxOffice By Design Rectangular and Half-Moon Meeting Room Tables,765.625,7,0.5,-566.5625
US-2015-123218,12/20/15,12/25/15,Standard Class,KD-16345,Katherine Ducich,Consumer,United States,Chicago,Illinois,60623,Central,TEC-PH-10001061,Technology,Phones,Apple iPhone 5C,159.984,2,0.2,11.9988
US-2015-123218,12/20/15,12/25/15,Standard Class,KD-16345,Katherine Ducich,Consumer,United States,Chicago,Illinois,60623,Central,TEC-AC-10000736,Technology,Accessories,Logitech G600 MMO Gaming Mouse,255.968,4,0.2,51.1936
US-2015-123218,12/20/15,12/25/15,Standard Class,KD-16345,Katherine Ducich,Consumer,United States,Chicago,Illinois,60623,Central,FUR-BO-10003966,Furniture,Bookcases,"Sauder Facets Collection Library, Sky Alder Finish",359.058,3,0.3,-71.8116
US-2017-164056,4/29/17,5/4/17,Second Class,FM-14215,Filia McAdams,Corporate,United States,Dublin,Ohio,43017,East,FUR-TA-10001307,Furniture,Tables,"SAFCO PlanMaster Heigh-Adjustable Drafting Table Base, 43w x 30d x 30-37h, Black",1048.35,5,0.4,-69.89
US-2016-131149,7/10/16,7/14/16,Standard Class,LH-17155,Logan Haushalter,Consumer,United States,Dallas,Texas,75081,Central,OFF-ST-10000689,Office Supplies,Storage,"Fellowes Strictly Business Drawer File, Letter/Legal Size",338.04,3,0.2,-33.804
US-2016-131149,7/10/16,7/14/16,Standard Class,LH-17155,Logan Haushalter,Consumer,United States,Dallas,Texas,75081,Central,OFF-AR-10002135,Office Supplies,Art,Boston Heavy-Duty Trimline Electric Pencil Sharpeners,154.24,4,0.2,17.352
US-2014-157406,4/25/14,4/29/14,Standard Class,DA-13450,Dianna Arnett,Home Office,United States,Houston,Texas,77095,Central,OFF-PA-10003543,Office Supplies,Paper,Xerox 1985,10.368,2,0.2,3.6288
US-2014-157406,4/25/14,4/29/14,Standard Class,DA-13450,Dianna Arnett,Home Office,United States,Houston,Texas,77095,Central,OFF-AR-10002221,Office Supplies,Art,12 Colored Short Pencils,6.24,3,0.2,0.546
US-2015-107349,7/13/15,7/15/15,First Class,SL-20155,Sara Luxemburg,Home Office,United States,Houston,Texas,77095,Central,OFF-BI-10001765,Office Supplies,Binders,Wilson Jones Heavy-Duty Casebound Ring Binders with Metal Hinges,41.568,6,0.8,-66.5088
US-2014-158057,3/22/14,3/26/14,Standard Class,CC-12685,Craig Carroll,Consumer,United States,Greensboro,North Carolina,27405,South,OFF-BI-10004410,Office Supplies,Binders,"C-Line Peel & Stick Add-On Filing Pockets, 8-3/4 x 5-1/8, 10/Pack",7.644,4,0.7,-5.8604
US-2014-158057,3/22/14,3/26/14,Standard Class,CC-12685,Craig Carroll,Consumer,United States,Greensboro,North Carolina,27405,South,OFF-BI-10002735,Office Supplies,Binders,GBC Prestige Therm-A-Bind Covers,51.465,5,0.7,-39.4565
US-2017-139465,8/27/17,8/30/17,First Class,MR-17545,Mathew Reese,Home Office,United States,New York City,New York,10024,East,OFF-ST-10002352,Office Supplies,Storage,Iris Project Case,63.84,8,0,16.5984
US-2017-139465,8/27/17,8/30/17,First Class,MR-17545,Mathew Reese,Home Office,United States,New York City,New York,10024,East,TEC-PH-10000455,Technology,Phones,GE 30522EE2,347.97,3,0,100.9113
US-2017-139465,8/27/17,8/30/17,First Class,MR-17545,Mathew Reese,Home Office,United States,New York City,New York,10024,East,OFF-BI-10003910,Office Supplies,Binders,DXL Angle-View Binders with Locking Rings by Samsill,37.008,6,0.2,11.565
US-2016-116729,12/25/16,12/28/16,First Class,GK-14620,Grace Kelly,Corporate,United States,Los Angeles,California,90049,West,TEC-PH-10002200,Technology,Phones,Samsung Galaxy Note 2,2575.944,7,0.2,257.5944
US-2016-116729,12/25/16,12/28/16,First Class,GK-14620,Grace Kelly,Corporate,United States,Los Angeles,California,90049,West,OFF-PA-10002005,Office Supplies,Paper,Xerox 225,45.36,7,0,21.7728
US-2016-116729,12/25/16,12/28/16,First Class,GK-14620,Grace Kelly,Corporate,United States,Los Angeles,California,90049,West,TEC-AC-10001465,Technology,Accessories,SanDisk Cruzer 64 GB USB Flash Drive,254.24,7,0,76.272
US-2017-161193,11/20/17,11/26/17,Standard Class,BT-11680,Brian Thompson,Consumer,United States,Newark,Ohio,43055,East,FUR-FU-10001861,Furniture,Furnishings,"Floodlight Indoor Halogen Bulbs, 1 Bulb per Pack, 60 Watts",77.6,5,0.2,28.13
US-2017-161193,11/20/17,11/26/17,Standard Class,BT-11680,Brian Thompson,Consumer,United States,Newark,Ohio,43055,East,FUR-FU-10000206,Furniture,Furnishings,"GE General Purpose, Extra Long Life, Showcase & Floodlight Incandescent Bulbs",4.656,2,0.2,1.5714
US-2014-130379,5/25/14,5/29/14,Standard Class,JL-15235,Janet Lee,Consumer,United States,Chicago,Illinois,60623,Central,OFF-AP-10001394,Office Supplies,Appliances,Harmony Air Purifier,75.6,2,0.8,-166.32
US-2014-130379,5/25/14,5/29/14,Standard Class,JL-15235,Janet Lee,Consumer,United States,Chicago,Illinois,60623,Central,FUR-FU-10002553,Furniture,Furnishings,"Electrix Incandescent Magnifying Lamp, Black",29.32,2,0.6,-24.189
US-2015-140851,7/13/15,7/15/15,Second Class,ND-18460,Neil Ducich,Corporate,United States,Macon,Georgia,31204,South,OFF-PA-10000019,Office Supplies,Paper,Xerox 1931,38.88,6,0,18.6624
US-2017-113852,7/29/17,8/2/17,Standard Class,GW-14605,Giulietta Weimer,Consumer,United States,Seattle,Washington,98115,West,TEC-AC-10003027,Technology,Accessories,Imation 8GB Mini TravelDrive USB 2.0 Flash Drive,90.57,3,0,11.7741
US-2017-158512,1/12/17,1/17/17,Second Class,DA-13450,Dianna Arnett,Home Office,United States,Washington,District of Columbia,20016,East,OFF-PA-10001804,Office Supplies,Paper,Xerox 195,40.08,6,0,19.2384
US-2017-158512,1/12/17,1/17/17,Second Class,DA-13450,Dianna Arnett,Home Office,United States,Washington,District of Columbia,20016,East,FUR-FU-10004973,Furniture,Furnishings,Flat Face Poster Frame,37.68,2,0,15.8256
US-2017-158218,5/12/17,5/15/17,Second Class,AC-10420,Alyssa Crouse,Corporate,United States,Houston,Texas,77041,Central,OFF-ST-10000563,Office Supplies,Storage,Fellowes Bankers Box Stor/Drawer Steel Plus,127.92,5,0.2,-15.99
US-2017-158218,5/12/17,5/15/17,Second Class,AC-10420,Alyssa Crouse,Corporate,United States,Houston,Texas,77041,Central,OFF-BI-10002133,Office Supplies,Binders,"Wilson Jones Elliptical Ring 3 1/2"" Capacity Binders, 800 sheets",34.24,4,0.8,-53.072
US-2017-121251,3/26/17,3/27/17,First Class,GM-14440,Gary McGarr,Consumer,United States,New York City,New York,10009,East,FUR-BO-10001918,Furniture,Bookcases,"Sauder Forest Hills Library with Doors, Woodland Oak Finish",257.568,2,0.2,-28.9764
US-2017-121251,3/26/17,3/27/17,First Class,GM-14440,Gary McGarr,Consumer,United States,New York City,New York,10009,East,TEC-PH-10004896,Technology,Phones,Nokia Lumia 521 (T-Mobile),119.96,4,0,33.5888
US-2016-100839,10/13/16,10/17/16,Standard Class,NC-18625,Noah Childs,Corporate,United States,Aurora,Colorado,80013,West,FUR-TA-10004575,Furniture,Tables,Hon 5100 Series Wood Tables,727.45,5,0.5,-465.568
US-2016-100839,10/13/16,10/17/16,Standard Class,NC-18625,Noah Childs,Corporate,United States,Aurora,Colorado,80013,West,FUR-FU-10001617,Furniture,Furnishings,"Executive Impressions 8-1/2"" Career Panel/Partition Cubicle Clock",24.96,3,0.2,4.368
US-2017-116659,11/12/17,11/12/17,Same Day,NG-18355,Nat Gilpin,Corporate,United States,Newark,Ohio,43055,East,TEC-PH-10002824,Technology,Phones,Jabra SPEAK 410 Multidevice Speakerphone,370.782,3,0.4,-92.6955
US-2016-112977,3/10/16,3/16/16,Standard Class,CJ-12010,Caroline Jumper,Consumer,United States,Long Beach,New York,11561,East,FUR-BO-10003272,Furniture,Bookcases,O'Sullivan Living Dimensions 5-Shelf Bookcases,176.784,1,0.2,-22.098
US-2017-166611,3/28/17,4/2/17,Standard Class,CK-12760,Cyma Kinney,Corporate,United States,Jacksonville,Florida,32216,South,OFF-BI-10001191,Office Supplies,Binders,Canvas Sectional Post Binders,68.742,9,0.7,-48.1194
US-2017-108063,12/2/17,12/5/17,First Class,AS-10090,Adam Shillingsburg,Consumer,United States,Charlottesville,Virginia,22901,South,OFF-AR-10001446,Office Supplies,Art,Newell 309,34.65,3,0,10.395
US-2016-150567,5/17/16,5/21/16,Standard Class,RP-19855,Roy Phan,Corporate,United States,Apopka,Florida,32712,South,OFF-BI-10001757,Office Supplies,Binders,Pressboard Hanging Data Binders for Unburst Sheets,2.952,2,0.7,-2.1648
US-2016-150567,5/17/16,5/21/16,Standard Class,RP-19855,Roy Phan,Corporate,United States,Apopka,Florida,32712,South,OFF-BI-10000069,Office Supplies,Binders,"GBC Prepunched Paper, 19-Hole, for Binding Systems, 24-lb",27.018,6,0.7,-21.6144
US-2017-111423,8/17/17,8/19/17,First Class,EH-13765,Edward Hooks,Corporate,United States,Watertown,New York,13601,East,OFF-BI-10003091,Office Supplies,Binders,GBC DocuBind TL200 Manual Binding Machine,895.92,5,0.2,302.373
US-2017-111423,8/17/17,8/19/17,First Class,EH-13765,Edward Hooks,Corporate,United States,Watertown,New York,13601,East,FUR-CH-10003981,Furniture,Chairs,Global Commerce Series Low-Back Swivel/Tilt Chairs,462.564,2,0.1,97.6524
US-2016-139710,6/9/16,6/15/16,Standard Class,GM-14680,Greg Matthias,Consumer,United States,Los Angeles,California,90045,West,TEC-PH-10001198,Technology,Phones,Avaya 4621SW VoIP phone,177.48,3,0.2,19.9665
US-2017-101539,3/16/17,3/18/17,Second Class,VM-21685,Valerie Mitchum,Home Office,United States,Seattle,Washington,98105,West,OFF-PA-10001972,Office Supplies,Paper,Xerox 214,6.48,1,0,3.1104
US-2017-101539,3/16/17,3/18/17,Second Class,VM-21685,Valerie Mitchum,Home Office,United States,Seattle,Washington,98105,West,OFF-ST-10004180,Office Supplies,Storage,Safco Commercial Shelving,46.51,1,0,1.8604
US-2017-101539,3/16/17,3/18/17,Second Class,VM-21685,Valerie Mitchum,Home Office,United States,Seattle,Washington,98105,West,TEC-PH-10004165,Technology,Phones,Mitel MiVoice 5330e IP Phone,659.976,3,0.2,49.4982
US-2017-147221,12/2/17,12/4/17,Second Class,JS-16030,Joy Smith,Consumer,United States,Houston,Texas,77036,Central,OFF-AP-10002534,Office Supplies,Appliances,3.6 Cubic Foot Counter Height Office Refrigerator,294.62,5,0.8,-766.012
US-2017-147221,12/2/17,12/4/17,Second Class,JS-16030,Joy Smith,Consumer,United States,Houston,Texas,77036,Central,FUR-FU-10004020,Furniture,Furnishings,Advantus Panel Wall Acrylic Frame,8.752,4,0.6,-3.7196
US-2017-143028,4/11/17,4/18/17,Standard Class,SC-20050,Sample Company A,Home Office,United States,Lubbock,Texas,79424,Central,OFF-BI-10004738,Office Supplies,Binders,Flexible Leather- Look Classic Collection Ring Binder,11.364,3,0.8,-17.046
US-2017-111241,8/20/17,8/22/17,Second Class,GM-14500,Gene McClure,Consumer,United States,Fresno,California,93727,West,OFF-BI-10002867,Office Supplies,Binders,GBC Recycled Regency Composition Covers,239.12,5,0.2,77.714
US-2017-158946,11/18/17,11/23/17,Standard Class,JW-15220,Jane Waco,Corporate,United States,Lakewood,Ohio,44107,East,OFF-AR-10001860,Office Supplies,Art,BIC Liqua Brite Liner,38.864,7,0.2,7.7728
US-2017-110996,11/20/17,11/25/17,Standard Class,KA-16525,Kelly Andreada,Consumer,United States,Ontario,California,91761,West,FUR-CH-10003956,Furniture,Chairs,Novimex High-Tech Fabric Mesh Task Chair,283.92,5,0.2,-46.137
US-2015-164357,11/25/15,11/29/15,Standard Class,SF-20065,Sandra Flanagan,Consumer,United States,Wilmington,North Carolina,28403,South,OFF-AR-10001177,Office Supplies,Art,Newell 349,13.12,5,0.2,1.476
US-2016-146570,5/15/16,5/20/16,Standard Class,SN-20710,Steve Nguyen,Home Office,United States,Jackson,Mississippi,39212,South,OFF-BI-10001718,Office Supplies,Binders,GBC DocuBind P50 Personal Binding Machine,511.84,8,0,240.5648
US-2016-146570,5/15/16,5/20/16,Standard Class,SN-20710,Steve Nguyen,Home Office,United States,Jackson,Mississippi,39212,South,OFF-AR-10004602,Office Supplies,Art,Boston KS Multi-Size Manual Pencil Sharpener,91.96,4,0,25.7488
US-2016-146570,5/15/16,5/20/16,Standard Class,SN-20710,Steve Nguyen,Home Office,United States,Jackson,Mississippi,39212,South,OFF-AR-10003856,Office Supplies,Art,Newell 344,8.34,3,0,2.1684
US-2014-140116,3/10/14,3/17/14,Standard Class,KT-16480,Kean Thornton,Consumer,United States,Denver,Colorado,80219,West,OFF-ST-10000078,Office Supplies,Storage,Tennsco 6- and 18-Compartment Lockers,636.408,3,0.2,-15.9102
US-2014-140116,3/10/14,3/17/14,Standard Class,KT-16480,Kean Thornton,Consumer,United States,Denver,Colorado,80219,West,OFF-AR-10001044,Office Supplies,Art,"BOSTON Ranger #55 Pencil Sharpener, Black",83.168,4,0.2,9.3564
US-2014-167633,9/30/14,10/5/14,Standard Class,BW-11200,Ben Wallace,Consumer,United States,Boynton Beach,Florida,33437,South,OFF-PA-10004888,Office Supplies,Paper,Xerox 217,15.552,3,0.2,5.4432
US-2014-152723,9/26/14,9/26/14,Same Day,HG-14965,Henry Goldwyn,Corporate,United States,Mesquite,Texas,75150,Central,OFF-BI-10003460,Office Supplies,Binders,Acco 3-Hole Punch,0.876,1,0.8,-1.4016
US-2017-168690,1/7/17,1/13/17,Standard Class,TS-21085,Thais Sissman,Consumer,United States,Ormond Beach,Florida,32174,South,OFF-BI-10000145,Office Supplies,Binders,Zipper Ring Binder Pockets,2.808,3,0.7,-1.9656
US-2014-114188,5/20/14,5/22/14,Second Class,RF-19345,Randy Ferguson,Corporate,United States,Dover,New Hampshire,3820,East,OFF-AP-10000124,Office Supplies,Appliances,Acco 6 Outlet Guardian Basic Surge Suppressor,33.28,4,0,9.3184
US-2014-114188,5/20/14,5/22/14,Second Class,RF-19345,Randy Ferguson,Corporate,United States,Dover,New Hampshire,3820,East,OFF-AR-10004511,Office Supplies,Art,"Sanford Colorific Scented Colored Pencils, 12/Pack",38.52,9,0,11.9412
US-2014-114188,5/20/14,5/22/14,Second Class,RF-19345,Randy Ferguson,Corporate,United States,Dover,New Hampshire,3820,East,FUR-FU-10000076,Furniture,Furnishings,24-Hour Round Wall Clock,139.86,7,0,60.1398
US-2017-157896,11/16/17,11/16/17,Same Day,CB-12415,Christy Brittain,Consumer,United States,New York City,New York,10009,East,OFF-PA-10004092,Office Supplies,Paper,Tops Green Bar Computer Printout Paper,146.82,3,0,73.41
US-2016-152051,6/25/16,6/29/16,Standard Class,TS-21160,Theresa Swint,Corporate,United States,York,Pennsylvania,17403,East,FUR-CH-10002965,Furniture,Chairs,"Global Leather Highback Executive Chair with Pneumatic Height Adjustment, Black",422.058,3,0.3,-18.0882
US-2016-152051,6/25/16,6/29/16,Standard Class,TS-21160,Theresa Swint,Corporate,United States,York,Pennsylvania,17403,East,OFF-BI-10004781,Office Supplies,Binders,GBC Wire Binding Strips,38.088,4,0.7,-27.9312
US-2016-152051,6/25/16,6/29/16,Standard Class,TS-21160,Theresa Swint,Corporate,United States,York,Pennsylvania,17403,East,OFF-ST-10001713,Office Supplies,Storage,"Gould Plastics 9-Pocket Panel Bin, 18-3/8w x 5-1/4d x 20-1/2h, Black",254.352,6,0.2,-50.8704
US-2017-139969,11/19/17,11/26/17,Standard Class,AF-10870,Art Ferguson,Consumer,United States,College Station,Texas,77840,Central,FUR-CH-10001973,Furniture,Chairs,Office Star Flex Back Scooter Chair with White Frame,233.058,3,0.3,-53.2704
US-2016-120460,4/30/16,5/5/16,Standard Class,BF-11170,Ben Ferrer,Home Office,United States,Dallas,Texas,75081,Central,FUR-FU-10004973,Furniture,Furnishings,Flat Face Poster Frame,22.608,3,0.6,-10.1736
US-2017-137491,11/19/17,11/25/17,Standard Class,LC-16930,Linda Cazamias,Corporate,United States,San Angelo,Texas,76903,Central,FUR-CH-10004675,Furniture,Chairs,"Lifetime Advantage Folding Chairs, 4/Carton",305.312,2,0.3,-8.7232
US-2014-165659,6/1/14,6/6/14,Standard Class,LT-17110,Liz Thompson,Consumer,United States,Little Rock,Arkansas,72209,South,FUR-FU-10001935,Furniture,Furnishings,3M Hangers With Command Adhesive,22.2,6,0,9.102
US-2014-165659,6/1/14,6/6/14,Standard Class,LT-17110,Liz Thompson,Consumer,United States,Little Rock,Arkansas,72209,South,TEC-PH-10002563,Technology,Phones,Adtran 1202752G1,881.93,7,0,229.3018
US-2014-103905,7/14/14,7/20/14,Standard Class,AW-10930,Arthur Wiediger,Home Office,United States,Aurora,Illinois,60505,Central,OFF-BI-10001098,Office Supplies,Binders,Acco D-Ring Binder w/DublLock,29.932,7,0.8,-46.3946
US-2014-103905,7/14/14,7/20/14,Standard Class,AW-10930,Arthur Wiediger,Home Office,United States,Aurora,Illinois,60505,Central,TEC-PH-10001552,Technology,Phones,I Need's 3d Hello Kitty Hybrid Silicone Case Cover for HTC One X 4g with 3d Hello Kitty Stylus Pen Green/pink,38.272,4,0.2,3.8272
US-2016-126893,11/26/16,12/1/16,Standard Class,CT-11995,Carol Triggs,Consumer,United States,Philadelphia,Pennsylvania,19134,East,TEC-PH-10004165,Technology,Phones,Mitel MiVoice 5330e IP Phone,494.982,3,0.4,-115.4958
US-2015-137960,12/18/15,12/18/15,Same Day,MW-18220,Mitch Webber,Consumer,United States,New York City,New York,10035,East,TEC-AC-10002253,Technology,Accessories,Imation Bio 8GB USB Flash Drive Imation Corp,166.24,1,0,24.936
US-2017-112928,6/1/17,6/5/17,Second Class,BB-10990,Barry Blumstein,Corporate,United States,Toledo,Ohio,43615,East,OFF-AP-10002287,Office Supplies,Appliances,"Eureka Sanitaire  Multi-Pro Heavy-Duty Upright, Disposable Bags",17.48,5,0.2,1.311
US-2017-120418,6/11/17,6/12/17,First Class,BC-11125,Becky Castell,Home Office,United States,Peoria,Arizona,85345,West,FUR-CH-10001394,Furniture,Chairs,Global Leather Executive Chair,280.792,1,0.2,35.099
US-2017-120418,6/11/17,6/12/17,First Class,BC-11125,Becky Castell,Home Office,United States,Peoria,Arizona,85345,West,OFF-ST-10002370,Office Supplies,Storage,"Sortfiler Multipurpose Personal File Organizer, Black",68.448,4,0.2,7.7004
US-2017-120418,6/11/17,6/12/17,First Class,BC-11125,Becky Castell,Home Office,United States,Peoria,Arizona,85345,West,OFF-AR-10002956,Office Supplies,Art,Boston 16801 Nautilus Battery Pencil Sharpener,88.04,5,0.2,6.603
US-2017-120418,6/11/17,6/12/17,First Class,BC-11125,Becky Castell,Home Office,United States,Peoria,Arizona,85345,West,OFF-AR-10001955,Office Supplies,Art,Newell 319,15.872,1,0.2,1.984
US-2017-120418,6/11/17,6/12/17,First Class,BC-11125,Becky Castell,Home Office,United States,Peoria,Arizona,85345,West,OFF-ST-10001809,Office Supplies,Storage,Fellowes Officeware Wire Shelving,215.592,3,0.2,-48.5082
US-2015-147739,12/25/15,12/29/15,Standard Class,JD-16150,Justin Deggeller,Corporate,United States,Philadelphia,Pennsylvania,19140,East,FUR-FU-10001468,Furniture,Furnishings,Tenex Antistatic Computer Chair Mats,547.136,4,0.2,-68.392
US-2014-143231,12/31/14,1/3/15,First Class,GM-14455,Gary Mitchum,Home Office,United States,Franklin,Massachusetts,2038,East,FUR-FU-10002501,Furniture,Furnishings,Nu-Dell Executive Frame,63.2,5,0,23.384
US-2014-143231,12/31/14,1/3/15,First Class,GM-14455,Gary Mitchum,Home Office,United States,Franklin,Massachusetts,2038,East,TEC-AC-10000358,Technology,Accessories,Imation Secure Drive + Hardware Encrypted USB flash drive - 16 GB,113.97,3,0,27.3528
US-2014-155894,7/26/14,7/30/14,Second Class,CL-11890,Carl Ludwig,Consumer,United States,Chicago,Illinois,60623,Central,OFF-ST-10004804,Office Supplies,Storage,"Belkin 19"" Vented Equipment Shelf, Black",123.552,3,0.2,-29.3436
US-2014-148838,3/17/14,3/21/14,Standard Class,CP-12340,Christine Phan,Corporate,United States,New York City,New York,10024,East,FUR-TA-10003473,Furniture,Tables,Bretford Rectangular Conference Table Tops,1579.746,7,0.4,-447.5947
US-2014-148838,3/17/14,3/21/14,Standard Class,CP-12340,Christine Phan,Corporate,United States,New York City,New York,10024,East,FUR-TA-10001950,Furniture,Tables,Balt Solid Wood Round Tables,1071.576,4,0.4,-553.6476
US-2014-148838,3/17/14,3/21/14,Standard Class,CP-12340,Christine Phan,Corporate,United States,New York City,New York,10024,East,FUR-TA-10004175,Furniture,Tables,"Hon 30"" x 60"" Table with Locking Drawer",613.908,3,0.4,-122.7816
US-2014-148838,3/17/14,3/21/14,Standard Class,CP-12340,Christine Phan,Corporate,United States,New York City,New York,10024,East,OFF-PA-10002960,Office Supplies,Paper,Xerox 1926,34.86,7,0,16.3842
US-2014-148838,3/17/14,3/21/14,Standard Class,CP-12340,Christine Phan,Corporate,United States,New York City,New York,10024,East,OFF-PA-10000919,Office Supplies,Paper,Xerox 1918,155.04,4,0,75.9696
US-2016-108637,3/13/16,3/18/16,Standard Class,AB-10060,Adam Bellavance,Home Office,United States,Waynesboro,Virginia,22980,South,FUR-FU-10004864,Furniture,Furnishings,"Howard Miller 14-1/2"" Diameter Chrome Round Wall Clock",127.88,2,0,40.9216
US-2016-108637,3/13/16,3/18/16,Standard Class,AB-10060,Adam Bellavance,Home Office,United States,Waynesboro,Virginia,22980,South,OFF-AP-10004540,Office Supplies,Appliances,"Eureka The Boss Lite 10-Amp Upright Vacuum, Blue",160.32,2,0,44.8896
US-2016-108637,3/13/16,3/18/16,Standard Class,AB-10060,Adam Bellavance,Home Office,United States,Waynesboro,Virginia,22980,South,OFF-BI-10004965,Office Supplies,Binders,Ibico Covers for Plastic or Wire Binding Elements,46,4,0,20.7
US-2016-129469,9/23/16,9/27/16,Standard Class,KL-16555,Kelly Lampkin,Corporate,United States,Fairfield,Ohio,45014,East,FUR-FU-10002298,Furniture,Furnishings,"Rubbermaid ClusterMat Chairmats, Mat Size- 66"" x 60"", Lip 20"" x 11"" -90 Degree Angle",532.704,6,0.2,-26.6352
US-2016-129469,9/23/16,9/27/16,Standard Class,KL-16555,Kelly Lampkin,Corporate,United States,Fairfield,Ohio,45014,East,OFF-AR-10000315,Office Supplies,Art,"Dixon Ticonderoga Maple Cedar Pencil, #2",4.912,2,0.2,0.307
US-2014-164616,8/19/14,8/21/14,Second Class,MS-17770,Maxwell Schwartz,Consumer,United States,Columbus,Ohio,43229,East,OFF-BI-10001718,Office Supplies,Binders,GBC DocuBind P50 Personal Binding Machine,76.776,4,0.7,-58.8616
US-2014-164616,8/19/14,8/21/14,Second Class,MS-17770,Maxwell Schwartz,Consumer,United States,Columbus,Ohio,43229,East,OFF-SU-10004768,Office Supplies,Supplies,Acme Kleencut Forged Steel Scissors,9.184,2,0.2,1.148
US-2017-117534,3/25/17,3/26/17,First Class,CV-12295,Christina VanderZanden,Consumer,United States,Fresno,California,93727,West,OFF-AP-10002403,Office Supplies,Appliances,Acco Smartsocket Color-Coded Six-Outlet AC Adapter Model Surge Protectors,176.04,4,0,45.7704
US-2017-117534,3/25/17,3/26/17,First Class,CV-12295,Christina VanderZanden,Consumer,United States,Fresno,California,93727,West,OFF-AR-10003087,Office Supplies,Art,Staples in misc. colors,16.02,9,0,4.4856
US-2017-117534,3/25/17,3/26/17,First Class,CV-12295,Christina VanderZanden,Consumer,United States,Fresno,California,93727,West,OFF-BI-10002026,Office Supplies,Binders,Avery Arch Ring Binders,185.92,4,0.2,62.748
US-2017-117534,3/25/17,3/26/17,First Class,CV-12295,Christina VanderZanden,Consumer,United States,Fresno,California,93727,West,TEC-PH-10000141,Technology,Phones,Clearsounds A400,211.168,4,0.2,15.8376
US-2017-117534,3/25/17,3/26/17,First Class,CV-12295,Christina VanderZanden,Consumer,United States,Fresno,California,93727,West,TEC-CO-10000971,Technology,Copiers,Hewlett Packard 310 Color Digital Copier,479.984,2,0.2,59.998
US-2015-127040,12/6/15,12/10/15,Standard Class,SG-20605,Speros Goranitis,Consumer,United States,New York City,New York,10009,East,OFF-PA-10004255,Office Supplies,Paper,Xerox 219,6.48,1,0,3.1104
US-2015-127040,12/6/15,12/10/15,Standard Class,SG-20605,Speros Goranitis,Consumer,United States,New York City,New York,10009,East,OFF-PA-10001184,Office Supplies,Paper,Xerox 1903,41.86,7,0,20.5114
US-2015-127040,12/6/15,12/10/15,Standard Class,SG-20605,Speros Goranitis,Consumer,United States,New York City,New York,10009,East,TEC-AC-10002637,Technology,Accessories,Logitech VX Revolution Cordless Laser Mouse for Notebooks (Black),1619.91,9,0,97.1946
US-2015-127040,12/6/15,12/10/15,Standard Class,SG-20605,Speros Goranitis,Consumer,United States,New York City,New York,10009,East,FUR-FU-10002878,Furniture,Furnishings,"Seth Thomas 14"" Day/Date Wall Clock",113.92,4,0,42.1504
US-2016-110170,9/27/16,10/3/16,Standard Class,HM-14860,Harry Marie,Corporate,United States,Huntsville,Texas,77340,Central,FUR-BO-10000780,Furniture,Bookcases,O'Sullivan Plantations 2-Door Library in Landvery Oak,956.6648,7,0.32,-225.0976
US-2017-147669,12/25/17,12/30/17,Standard Class,SV-20935,Susan Vittorini,Consumer,United States,Fairfield,Ohio,45014,East,TEC-AC-10002473,Technology,Accessories,Maxell 4.7GB DVD-R,158.928,7,0.2,41.7186
US-2017-147669,12/25/17,12/30/17,Standard Class,SV-20935,Susan Vittorini,Consumer,United States,Fairfield,Ohio,45014,East,OFF-BI-10000632,Office Supplies,Binders,Satellite Sectional Post Binders,13.023,1,0.7,-10.4184
US-2017-147669,12/25/17,12/30/17,Standard Class,SV-20935,Susan Vittorini,Consumer,United States,Fairfield,Ohio,45014,East,FUR-TA-10002645,Furniture,Tables,Hon Rectangular Conference Tables,273.06,2,0.4,-104.673
US-2017-147669,12/25/17,12/30/17,Standard Class,SV-20935,Susan Vittorini,Consumer,United States,Fairfield,Ohio,45014,East,OFF-FA-10002975,Office Supplies,Fasteners,Staples,39.312,13,0.2,12.7764
US-2017-112613,5/28/17,6/1/17,Standard Class,JH-15910,Jonathan Howell,Consumer,United States,Houston,Texas,77070,Central,TEC-PH-10001536,Technology,Phones,Spigen Samsung Galaxy S5 Case Wallet,54.368,4,0.2,4.0776
US-2016-135923,1/22/16,1/28/16,Standard Class,CM-11935,Carlos Meador,Consumer,United States,Fayetteville,North Carolina,28314,South,FUR-FU-10002107,Furniture,Furnishings,Eldon Pizzaz Desk Accessories,14.272,8,0.2,4.2816
US-2016-135923,1/22/16,1/28/16,Standard Class,CM-11935,Carlos Meador,Consumer,United States,Fayetteville,North Carolina,28314,South,FUR-BO-10002213,Furniture,Bookcases,"Sauder Forest Hills Library, Woodland Oak Finish",451.136,4,0.2,-67.6704
US-2016-135923,1/22/16,1/28/16,Standard Class,CM-11935,Carlos Meador,Consumer,United States,Fayetteville,North Carolina,28314,South,OFF-AP-10000692,Office Supplies,Appliances,Fellowes Mighty 8 Compact Surge Protector,64.864,4,0.2,6.4864
US-2017-133781,6/22/17,6/23/17,First Class,DC-12850,Dan Campbell,Consumer,United States,Miami,Florida,33178,South,OFF-EN-10004483,Office Supplies,Envelopes,"#10 White Business Envelopes,4 1/8 x 9 1/2",37.608,3,0.2,12.6927
US-2017-117723,8/15/17,8/18/17,Second Class,DL-13495,Dionis Lloyd,Corporate,United States,Philadelphia,Pennsylvania,19120,East,OFF-ST-10004459,Office Supplies,Storage,Tennsco Single-Tier Lockers,1801.632,6,0.2,-337.806
US-2016-114174,9/8/16,9/14/16,Standard Class,AP-10720,Anne Pryor,Home Office,United States,Malden,Massachusetts,2148,East,FUR-BO-10003450,Furniture,Bookcases,"Bush Westfield Collection Bookcases, Dark Cherry Finish",173.94,3,0,13.9152
US-2016-114174,9/8/16,9/14/16,Standard Class,AP-10720,Anne Pryor,Home Office,United States,Malden,Massachusetts,2148,East,OFF-LA-10000248,Office Supplies,Labels,Avery 52,14.76,4,0,6.9372
US-2015-128090,8/16/15,8/22/15,Standard Class,JM-15865,John Murray,Consumer,United States,Phoenix,Arizona,85023,West,OFF-AR-10002255,Office Supplies,Art,Newell 346,2.304,1,0.2,0.2592
US-2015-128090,8/16/15,8/22/15,Standard Class,JM-15865,John Murray,Consumer,United States,Phoenix,Arizona,85023,West,TEC-PH-10002624,Technology,Phones,Samsung Galaxy S4 Mini,1879.96,5,0.2,211.4955
US-2015-128090,8/16/15,8/22/15,Standard Class,JM-15865,John Murray,Consumer,United States,Phoenix,Arizona,85023,West,OFF-PA-10001878,Office Supplies,Paper,Xerox 1891,313.024,8,0.2,105.6456
US-2015-128090,8/16/15,8/22/15,Standard Class,JM-15865,John Murray,Consumer,United States,Phoenix,Arizona,85023,West,OFF-LA-10000452,Office Supplies,Labels,Avery 488,5.04,2,0.2,1.764
US-2016-126844,10/8/16,10/14/16,Standard Class,BW-11110,Bart Watters,Corporate,United States,Houston,Texas,77070,Central,FUR-FU-10004909,Furniture,Furnishings,Contemporary Wood/Metal Frame,51.712,8,0.6,-32.32
US-2015-112508,3/24/15,3/30/15,Standard Class,BP-11185,Ben Peterman,Corporate,United States,Coral Springs,Florida,33065,South,OFF-AP-10002287,Office Supplies,Appliances,"Eureka Sanitaire  Multi-Pro Heavy-Duty Upright, Disposable Bags",6.992,2,0.2,0.5244
US-2014-155502,1/26/14,1/31/14,Standard Class,SD-20485,Shirley Daniels,Home Office,United States,Alexandria,Virginia,22304,South,FUR-FU-10004587,Furniture,Furnishings,"GE General Use Halogen Bulbs, 100 Watts, 1 Bulb per Pack",62.82,3,0,30.7818
US-2014-155502,1/26/14,1/31/14,Standard Class,SD-20485,Shirley Daniels,Home Office,United States,Alexandria,Virginia,22304,South,OFF-ST-10004337,Office Supplies,Storage,"SAFCO Commercial Wire Shelving, 72h",489.92,8,0,0
US-2014-155502,1/26/14,1/31/14,Standard Class,SD-20485,Shirley Daniels,Home Office,United States,Alexandria,Virginia,22304,South,OFF-PA-10003072,Office Supplies,Paper,"Eureka Recycled Copy Paper 8 1/2"" x 11"", Ream",19.44,3,0,9.3312
US-2014-155502,1/26/14,1/31/14,Standard Class,SD-20485,Shirley Daniels,Home Office,United States,Alexandria,Virginia,22304,South,OFF-PA-10000380,Office Supplies,Paper,"REDIFORM Incoming/Outgoing Call Register, 11"" X 8 1/2"", 100 Messages",16.68,2,0,8.34
US-2014-155502,1/26/14,1/31/14,Standard Class,SD-20485,Shirley Daniels,Home Office,United States,Alexandria,Virginia,22304,South,TEC-PH-10004833,Technology,Phones,Macally Suction Cup Mount,155.35,13,0,0
US-2014-155502,1/26/14,1/31/14,Standard Class,SD-20485,Shirley Daniels,Home Office,United States,Alexandria,Virginia,22304,South,FUR-FU-10001847,Furniture,Furnishings,Eldon Image Series Black Desk Accessories,12.42,3,0,4.4712
US-2014-155502,1/26/14,1/31/14,Standard Class,SD-20485,Shirley Daniels,Home Office,United States,Alexandria,Virginia,22304,South,TEC-PH-10002103,Technology,Phones,Jabra SPEAK 410,187.98,2,0,52.6344
US-2016-115455,9/8/16,9/14/16,Standard Class,SE-20110,Sanjit Engle,Consumer,United States,Wheeling,Illinois,60090,Central,FUR-FU-10004671,Furniture,Furnishings,"Executive Impressions 12"" Wall Clock",14.136,2,0.6,-7.7748
US-2016-115455,9/8/16,9/14/16,Standard Class,SE-20110,Sanjit Engle,Consumer,United States,Wheeling,Illinois,60090,Central,FUR-TA-10003569,Furniture,Tables,Bretford CR8500 Series Meeting Room Furniture,601.47,3,0.5,-300.735
US-2017-165344,11/13/17,11/15/17,First Class,SB-20290,Sean Braxton,Corporate,United States,Springfield,Ohio,45503,East,TEC-AC-10002399,Technology,Accessories,SanDisk Cruzer 32 GB USB Flash Drive,60.864,4,0.2,9.1296
US-2017-165344,11/13/17,11/15/17,First Class,SB-20290,Sean Braxton,Corporate,United States,Springfield,Ohio,45503,East,TEC-MA-10002210,Technology,Machines,Epson TM-T88V Direct Thermal Printer - Monochrome - Desktop,652.995,7,0.7,-935.9595
US-2017-165344,11/13/17,11/15/17,First Class,SB-20290,Sean Braxton,Corporate,United States,Springfield,Ohio,45503,East,OFF-BI-10003196,Office Supplies,Binders,Accohide Poly Flexible Ring Binders,11.22,10,0.7,-7.48
US-2017-110604,5/15/17,5/20/17,Standard Class,JF-15295,Jason Fortune-,Consumer,United States,Seattle,Washington,98103,West,FUR-FU-10000076,Furniture,Furnishings,24-Hour Round Wall Clock,39.96,2,0,17.1828
US-2017-110604,5/15/17,5/20/17,Standard Class,JF-15295,Jason Fortune-,Consumer,United States,Seattle,Washington,98103,West,FUR-CH-10002017,Furniture,Chairs,SAFCO Optional Arm Kit for Workspace Cribbage Stacking Chair,42.624,2,0.2,4.2624
US-2017-110604,5/15/17,5/20/17,Standard Class,JF-15295,Jason Fortune-,Consumer,United States,Seattle,Washington,98103,West,FUR-CH-10004287,Furniture,Chairs,SAFCO Arco Folding Chair,220.96,1,0.2,24.858
US-2016-146794,9/26/16,10/1/16,Standard Class,SH-19975,Sally Hughsby,Corporate,United States,Hesperia,California,92345,West,FUR-BO-10004467,Furniture,Bookcases,Bestar Classic Bookcase,424.9575,5,0.15,19.998
US-2015-139759,8/25/15,8/30/15,Standard Class,NL-18310,Nancy Lomonaco,Home Office,United States,Los Angeles,California,90045,West,FUR-CH-10002774,Furniture,Chairs,"Global Deluxe Stacking Chair, Gray",40.784,1,0.2,4.5882
US-2015-139759,8/25/15,8/30/15,Standard Class,NL-18310,Nancy Lomonaco,Home Office,United States,Los Angeles,California,90045,West,OFF-AP-10002765,Office Supplies,Appliances,Fellowes Advanced Computer Series Surge Protectors,105.96,4,0,29.6688
US-2014-160780,6/21/14,6/21/14,Same Day,SV-20785,Stewart Visinsky,Consumer,United States,Pueblo,Colorado,81001,West,OFF-BI-10001116,Office Supplies,Binders,"Wilson Jones 1"" Hanging DublLock Ring Binders",11.088,7,0.7,-8.1312
US-2014-160780,6/21/14,6/21/14,Same Day,SV-20785,Stewart Visinsky,Consumer,United States,Pueblo,Colorado,81001,West,OFF-BI-10002931,Office Supplies,Binders,"Avery Trapezoid Extra Heavy Duty 4"" Binders",25.164,2,0.7,-16.776
US-2016-128195,8/4/16,8/5/16,First Class,RA-19285,Ralph Arnett,Consumer,United States,Peoria,Illinois,61604,Central,OFF-BI-10002003,Office Supplies,Binders,Ibico Presentation Index for Binding Systems,3.98,5,0.8,-6.567
US-2016-144211,8/28/16,9/2/16,Standard Class,CS-12130,Chad Sievert,Consumer,United States,Englewood,Colorado,80112,West,OFF-PA-10002246,Office Supplies,Paper,"Wirebound Four 2-3/4 x 5 Forms per Page, 400 Sets per Book",15.48,3,0.2,5.6115
US-2016-144211,8/28/16,9/2/16,Standard Class,CS-12130,Chad Sievert,Consumer,United States,Englewood,Colorado,80112,West,TEC-PH-10002890,Technology,Phones,AT&T 17929 Lendline Telephone,108.576,3,0.2,8.1432
US-2015-120572,12/11/15,12/15/15,Standard Class,GH-14425,Gary Hwang,Consumer,United States,Jacksonville,Florida,32216,South,OFF-BI-10001098,Office Supplies,Binders,Acco D-Ring Binder w/DublLock,12.828,2,0.7,-8.9796
US-2015-165449,11/22/15,11/26/15,Standard Class,AP-10720,Anne Pryor,Home Office,United States,Frisco,Texas,75034,Central,TEC-AC-10004127,Technology,Accessories,SanDisk Cruzer 8 GB USB Flash Drive,27.168,4,0.2,-1.3584
US-2014-141257,6/8/14,6/14/14,Standard Class,CS-11950,Carlos Soltero,Consumer,United States,Seattle,Washington,98115,West,FUR-CH-10002758,Furniture,Chairs,"Hon Deluxe Fabric Upholstered Stacking Chairs, Squared Back",585.552,3,0.2,73.194
US-2015-122140,4/2/15,4/7/15,Standard Class,MO-17950,Michael Oakman,Consumer,United States,Dallas,Texas,75220,Central,OFF-AP-10001242,Office Supplies,Appliances,APC 7 Outlet Network SurgeArrest Surge Protector,32.192,2,0.8,-80.48
US-2015-122140,4/2/15,4/7/15,Standard Class,MO-17950,Michael Oakman,Consumer,United States,Dallas,Texas,75220,Central,TEC-AC-10003038,Technology,Accessories,Kingston Digital DataTraveler 16GB USB 2.0,50.12,7,0.2,-0.6265
US-2015-122140,4/2/15,4/7/15,Standard Class,MO-17950,Michael Oakman,Consumer,United States,Dallas,Texas,75220,Central,TEC-AC-10003289,Technology,Accessories,Anker Ultra-Slim Mini Bluetooth 3.0 Wireless Keyboard,47.976,3,0.2,1.7991
US-2016-106677,11/5/16,11/10/16,Standard Class,AS-10285,Alejandro Savely,Corporate,United States,Philadelphia,Pennsylvania,19134,East,TEC-PH-10003187,Technology,Phones,Anker Astro Mini 3000mAh Ultra-Compact Portable Charger,23.988,2,0.4,-15.992
US-2014-117744,12/2/14,12/6/14,Standard Class,MD-17860,Michael Dominguez,Corporate,United States,Corpus Christi,Texas,78415,Central,FUR-FU-10001588,Furniture,Furnishings,"Deflect-o SuperTray Unbreakable Stackable Tray, Letter, Black",58.36,5,0.6,-24.803
US-2014-117744,12/2/14,12/6/14,Standard Class,MD-17860,Michael Dominguez,Corporate,United States,Corpus Christi,Texas,78415,Central,OFF-AR-10000940,Office Supplies,Art,Newell 343,16.464,7,0.2,1.4406
US-2014-117744,12/2/14,12/6/14,Standard Class,MD-17860,Michael Dominguez,Corporate,United States,Corpus Christi,Texas,78415,Central,FUR-FU-10002759,Furniture,Furnishings,12-1/2 Diameter Round Wall Clock,39.96,5,0.6,-23.976
US-2015-110163,11/1/15,11/4/15,First Class,GA-14725,Guy Armstrong,Consumer,United States,Salem,Oregon,97301,West,OFF-AR-10001683,Office Supplies,Art,Lumber Crayons,7.88,1,0.2,1.773
US-2014-112914,9/25/14,9/30/14,Standard Class,MT-18070,Michelle Tran,Home Office,United States,Houston,Texas,77041,Central,OFF-PA-10003270,Office Supplies,Paper,Xerox 1954,33.792,8,0.2,10.56
US-2014-112914,9/25/14,9/30/14,Standard Class,MT-18070,Michelle Tran,Home Office,United States,Houston,Texas,77041,Central,FUR-BO-10003272,Furniture,Bookcases,O'Sullivan Living Dimensions 5-Shelf Bookcases,300.5328,2,0.32,-97.2312
US-2014-112914,9/25/14,9/30/14,Standard Class,MT-18070,Michelle Tran,Home Office,United States,Houston,Texas,77041,Central,OFF-BI-10002982,Office Supplies,Binders,Avery Self-Adhesive Photo Pockets for Polaroid Photos,2.724,2,0.8,-4.3584
US-2014-112914,9/25/14,9/30/14,Standard Class,MT-18070,Michelle Tran,Home Office,United States,Houston,Texas,77041,Central,OFF-EN-10001509,Office Supplies,Envelopes,Poly String Tie Envelopes,3.264,2,0.2,1.1016
US-2015-104185,9/3/15,9/8/15,Second Class,JB-15400,Jennifer Braxton,Corporate,United States,New York City,New York,10009,East,OFF-ST-10001526,Office Supplies,Storage,Iceberg Mobile Mega Data/Printer Cart ,120.33,1,0,31.2858
US-2014-125521,3/14/14,3/19/14,Standard Class,CK-12325,Christine Kargatis,Home Office,United States,Chesapeake,Virginia,23320,South,FUR-CH-10003379,Furniture,Chairs,Global Commerce Series High-Back Swivel/Tilt Chairs,1139.92,4,0,284.98
US-2017-135062,8/31/17,9/4/17,Second Class,RL-19615,Rob Lucas,Consumer,United States,Fayetteville,North Carolina,28314,South,OFF-PA-10000100,Office Supplies,Paper,Xerox 1945,229.544,7,0.2,83.2097
US-2016-162852,12/27/16,12/31/16,Standard Class,BG-11695,Brooke Gillingham,Corporate,United States,Woodstock,Illinois,60098,Central,FUR-CH-10004853,Furniture,Chairs,"Global Manager's Adjustable Task Chair, Storm",845.488,8,0.3,-12.0784
US-2016-128293,6/2/16,6/5/16,First Class,KC-16255,Karen Carlisle,Corporate,United States,Philadelphia,Pennsylvania,19120,East,OFF-ST-10000736,Office Supplies,Storage,Carina Double Wide Media Storage Towers in Natural & Black,64.784,1,0.2,-12.9568
US-2017-103828,8/13/17,8/13/17,Same Day,JK-15370,Jay Kimmel,Consumer,United States,San Francisco,California,94122,West,OFF-ST-10001325,Office Supplies,Storage,Sterilite Officeware Hinged File Box,31.44,3,0,8.4888
US-2017-103828,8/13/17,8/13/17,Same Day,JK-15370,Jay Kimmel,Consumer,United States,San Francisco,California,94122,West,OFF-AP-10004249,Office Supplies,Appliances,Staple holder,83.79,7,0,22.6233
US-2017-103828,8/13/17,8/13/17,Same Day,JK-15370,Jay Kimmel,Consumer,United States,San Francisco,California,94122,West,OFF-AR-10000588,Office Supplies,Art,Newell 345,59.52,3,0,15.4752
US-2017-103828,8/13/17,8/13/17,Same Day,JK-15370,Jay Kimmel,Consumer,United States,San Francisco,California,94122,West,OFF-SU-10000946,Office Supplies,Supplies,Staple remover,31.92,4,0,9.2568
US-2017-102638,12/29/17,12/31/17,First Class,MC-17845,Michael Chen,Consumer,United States,New York City,New York,10035,East,OFF-FA-10002988,Office Supplies,Fasteners,Ideal Clamps,6.03,3,0,2.9547
US-2016-167339,1/21/16,1/23/16,Second Class,TD-20995,Tamara Dahlen,Consumer,United States,San Diego,California,92037,West,FUR-CH-10004289,Furniture,Chairs,Global Super Steno Chair,153.568,2,0.2,-5.7588
US-2016-167339,1/21/16,1/23/16,Second Class,TD-20995,Tamara Dahlen,Consumer,United States,San Diego,California,92037,West,FUR-CH-10000785,Furniture,Chairs,Global Ergonomic Managers Chair,1013.488,7,0.2,76.0116
US-2016-159856,10/18/16,10/22/16,Standard Class,EP-13915,Emily Phan,Consumer,United States,Tempe,Arizona,85281,West,FUR-CH-10003396,Furniture,Chairs,Global Deluxe Steno Chair,307.92,5,0.2,-34.641
US-2016-164630,1/4/16,1/9/16,Standard Class,EB-13975,Erica Bern,Corporate,United States,Charlotte,North Carolina,28205,South,TEC-CO-10000971,Technology,Copiers,Hewlett Packard 310 Color Digital Copier,959.968,4,0.2,119.996
US-2015-114839,4/26/15,4/30/15,Standard Class,PW-19240,Pierre Wener,Consumer,United States,Houston,Texas,77036,Central,FUR-CH-10004086,Furniture,Chairs,Hon 4070 Series Pagoda Armless Upholstered Stacking Chairs,408.422,2,0.3,-5.8346
US-2015-141453,11/30/15,12/3/15,Second Class,DB-13270,Deborah Brumfield,Home Office,United States,Austin,Texas,78745,Central,OFF-BI-10000301,Office Supplies,Binders,GBC Instant Report Kit,3.882,3,0.8,-5.823
US-2017-120390,10/19/17,10/26/17,Standard Class,TH-21550,Tracy Hopkins,Home Office,United States,Burlington,North Carolina,27217,South,OFF-BI-10004995,Office Supplies,Binders,GBC DocuBind P400 Electric Binding System,1633.188,4,0.7,-1306.5504
US-2016-169040,12/6/16,12/12/16,Standard Class,GT-14710,Greg Tran,Consumer,United States,Seattle,Washington,98105,West,TEC-PH-10002310,Technology,Phones,Plantronics Calisto P620-M USB Wireless Speakerphone System,156.792,1,0.2,13.7193
US-2016-169040,12/6/16,12/12/16,Standard Class,GT-14710,Greg Tran,Consumer,United States,Seattle,Washington,98105,West,TEC-PH-10002834,Technology,Phones,Google Nexus 5,431.976,3,0.2,26.9985
US-2016-169040,12/6/16,12/12/16,Standard Class,GT-14710,Greg Tran,Consumer,United States,Seattle,Washington,98105,West,OFF-EN-10000927,Office Supplies,Envelopes,Jet-Pak Recycled Peel 'N' Seal Padded Mailers,35.89,1,0,16.1505
US-2016-169040,12/6/16,12/12/16,Standard Class,GT-14710,Greg Tran,Consumer,United States,Seattle,Washington,98105,West,OFF-BI-10001636,Office Supplies,Binders,Ibico Plastic and Wire Spiral Binding Combs,47.208,7,0.2,15.3426
US-2016-169040,12/6/16,12/12/16,Standard Class,GT-14710,Greg Tran,Consumer,United States,Seattle,Washington,98105,West,OFF-PA-10001736,Office Supplies,Paper,Xerox 1880,248.08,7,0,116.5976
US-2016-169040,12/6/16,12/12/16,Standard Class,GT-14710,Greg Tran,Consumer,United States,Seattle,Washington,98105,West,OFF-PA-10000482,Office Supplies,Paper,"Snap-A-Way Black Print Carbonless Ruled Speed Letter, Triplicate",189.7,5,0,89.159
US-2016-169040,12/6/16,12/12/16,Standard Class,GT-14710,Greg Tran,Consumer,United States,Seattle,Washington,98105,West,OFF-BI-10001658,Office Supplies,Binders,GBC Standard Therm-A-Bind Covers,59.808,3,0.2,19.4376
US-2014-112872,12/6/14,12/11/14,Second Class,RC-19960,Ryan Crowe,Consumer,United States,Springfield,Oregon,97477,West,OFF-ST-10002205,Office Supplies,Storage,File Shuttle I and Handi-File,53.424,3,0.2,4.6746
US-2014-112872,12/6/14,12/11/14,Second Class,RC-19960,Ryan Crowe,Consumer,United States,Springfield,Oregon,97477,West,FUR-TA-10003238,Furniture,Tables,"Chromcraft Bull-Nose Wood 48"" x 96"" Rectangular Conference Tables",275.49,1,0.5,-170.8038
US-2014-150532,7/14/14,7/21/14,Standard Class,PB-19150,Philip Brown,Consumer,United States,Phoenix,Arizona,85023,West,OFF-ST-10000760,Office Supplies,Storage,Eldon Fold 'N Roll Cart System,55.92,5,0.2,6.291
US-2015-138919,9/17/15,9/21/15,Standard Class,LS-16975,Lindsay Shagiari,Home Office,United States,New York City,New York,10035,East,FUR-TA-10004154,Furniture,Tables,"Riverside Furniture Oval Coffee Table, Oval End Table, End Table with Drawer",344.22,2,0.4,-103.266
US-2016-160528,8/23/16,8/30/16,Standard Class,MH-18115,Mick Hernandez,Home Office,United States,Pharr,Texas,78577,Central,OFF-ST-10002743,Office Supplies,Storage,SAFCO Boltless Steel Shelving,727.296,8,0.2,-172.7328
US-2016-160528,8/23/16,8/30/16,Standard Class,MH-18115,Mick Hernandez,Home Office,United States,Pharr,Texas,78577,Central,FUR-FU-10004973,Furniture,Furnishings,Flat Face Poster Frame,22.608,3,0.6,-10.1736
US-2016-160528,8/23/16,8/30/16,Standard Class,MH-18115,Mick Hernandez,Home Office,United States,Pharr,Texas,78577,Central,TEC-AC-10002842,Technology,Accessories,WD My Passport Ultra 2TB Portable External Hard Drive,666.4,7,0.2,-33.32
US-2016-164189,3/24/16,3/28/16,Standard Class,DR-12880,Dan Reichenbach,Corporate,United States,Gresham,Oregon,97030,West,TEC-PH-10003691,Technology,Phones,BlackBerry Q10,403.168,4,0.2,25.198
US-2016-114293,11/21/16,11/26/16,Standard Class,JH-16180,Justin Hirsh,Consumer,United States,Gresham,Oregon,97030,West,FUR-CH-10003833,Furniture,Chairs,Novimex Fabric Task Chair,195.136,4,0.2,-12.196
US-2015-123960,6/11/15,6/16/15,Standard Class,BD-11605,Brian Dahlen,Consumer,United States,Monroe,Louisiana,71203,South,TEC-AC-10003038,Technology,Accessories,Kingston Digital DataTraveler 16GB USB 2.0,53.7,6,0,10.203
US-2015-123960,6/11/15,6/16/15,Standard Class,BD-11605,Brian Dahlen,Consumer,United States,Monroe,Louisiana,71203,South,OFF-BI-10002799,Office Supplies,Binders,"SlimView Poly Binder, 3/8""",36.26,7,0,16.6796
US-2015-123960,6/11/15,6/16/15,Standard Class,BD-11605,Brian Dahlen,Consumer,United States,Monroe,Louisiana,71203,South,OFF-AR-10003582,Office Supplies,Art,"Boston Electric Pencil Sharpener, Model 1818, Charcoal Black",56.3,2,0,15.764
US-2015-123960,6/11/15,6/16/15,Standard Class,BD-11605,Brian Dahlen,Consumer,United States,Monroe,Louisiana,71203,South,OFF-PA-10004451,Office Supplies,Paper,Xerox 222,32.4,5,0,15.552
US-2015-123960,6/11/15,6/16/15,Standard Class,BD-11605,Brian Dahlen,Consumer,United States,Monroe,Louisiana,71203,South,FUR-FU-10004666,Furniture,Furnishings,DAX Clear Channel Poster Frame,29.16,2,0,10.7892
US-2016-147991,5/5/16,5/9/16,Standard Class,ZD-21925,Zuschuss Donatelli,Consumer,United States,Chattanooga,Tennessee,37421,South,FUR-FU-10004270,Furniture,Furnishings,"Eldon Image Series Desk Accessories, Burgundy",16.72,5,0.2,3.344
US-2017-148054,10/6/17,10/11/17,Standard Class,NZ-18565,Nick Zandusky,Home Office,United States,Meridian,Idaho,83642,West,FUR-FU-10003247,Furniture,Furnishings,36X48 HARDFLOOR CHAIRMAT,41.96,2,0,2.9372
US-2017-148054,10/6/17,10/11/17,Standard Class,NZ-18565,Nick Zandusky,Home Office,United States,Meridian,Idaho,83642,West,OFF-AP-10004336,Office Supplies,Appliances,"Conquest 14 Commercial Heavy-Duty Upright Vacuum, Collection System, Accessory Kit",227.84,4,0,66.0736
US-2017-148054,10/6/17,10/11/17,Standard Class,NZ-18565,Nick Zandusky,Home Office,United States,Meridian,Idaho,83642,West,OFF-PA-10001295,Office Supplies,Paper,Computer Printout Paper with Letter-Trim Perforations,37.94,2,0,18.2112
US-2015-100377,8/28/15,9/1/15,Standard Class,TS-21370,Todd Sumrall,Corporate,United States,Chicago,Illinois,60623,Central,TEC-CO-10001046,Technology,Copiers,Canon Imageclass D680 Copier / Fax,2799.96,5,0.2,874.9875
US-2017-120089,11/30/17,11/30/17,Same Day,ML-17755,Max Ludwig,Home Office,United States,Toledo,Ohio,43615,East,OFF-AP-10003779,Office Supplies,Appliances,Kensington 7 Outlet MasterPiece Power Center with Fax/Phone Line Protection,663.936,4,0.2,82.992
US-2017-132297,5/27/17,6/2/17,Standard Class,DW-13480,Dianna Wilson,Home Office,United States,Louisville,Kentucky,40214,South,OFF-BI-10003364,Office Supplies,Binders,Binding Machine Supplies,58.34,2,0,28.0032
US-2017-132297,5/27/17,6/2/17,Standard Class,DW-13480,Dianna Wilson,Home Office,United States,Louisville,Kentucky,40214,South,TEC-PH-10002834,Technology,Phones,Google Nexus 5,539.97,3,0,134.9925
US-2017-159205,3/31/17,4/2/17,Second Class,DB-12910,Daniel Byrd,Home Office,United States,Henderson,Kentucky,42420,South,FUR-FU-10001591,Furniture,Furnishings,Advantus Panel Wall Certificate Holder - 8.5x11,61,5,0,25.62
US-2017-159205,3/31/17,4/2/17,Second Class,DB-12910,Daniel Byrd,Home Office,United States,Henderson,Kentucky,42420,South,TEC-PH-10000526,Technology,Phones,Vtech CS6719,671.93,7,0,188.1404
US-2017-140074,3/23/17,3/29/17,Standard Class,EC-14050,Erin Creighton,Consumer,United States,New York City,New York,10024,East,OFF-PA-10002741,Office Supplies,Paper,Xerox 1980,25.68,6,0,11.556
US-2014-122959,12/12/14,12/12/14,Same Day,CY-12745,Craig Yedwab,Corporate,United States,San Antonio,Texas,78207,Central,OFF-BI-10003650,Office Supplies,Binders,GBC DocuBind 300 Electric Binding Machine,210.392,2,0.8,-336.6272
US-2016-148110,9/5/16,9/11/16,Standard Class,AR-10825,Anthony Rawles,Corporate,United States,Austin,Texas,78745,Central,FUR-CH-10002647,Furniture,Chairs,"Situations Contoured Folding Chairs, 4/Set",347.802,7,0.3,-24.843
US-2014-109036,12/20/14,12/25/14,Standard Class,KH-16510,Keith Herrera,Consumer,United States,Seattle,Washington,98103,West,OFF-LA-10002043,Office Supplies,Labels,Avery 489,31.05,3,0,14.904
US-2016-162677,3/26/16,3/27/16,First Class,DB-13210,Dean Braden,Consumer,United States,Jacksonville,North Carolina,28540,South,OFF-ST-10001291,Office Supplies,Storage,"Tenex Personal Self-Stacking Standard File Box, Black/Gray",67.64,5,0.2,5.9185
US-2016-162677,3/26/16,3/27/16,First Class,DB-13210,Dean Braden,Consumer,United States,Jacksonville,North Carolina,28540,South,TEC-AC-10001314,Technology,Accessories,Case Logic 2.4GHz Wireless Keyboard,119.976,3,0.2,-17.9964
US-2014-150924,9/12/14,9/16/14,Second Class,PT-19090,Pete Takahito,Consumer,United States,Houston,Texas,77070,Central,OFF-BI-10004040,Office Supplies,Binders,Wilson Jones Impact Binders,5.18,5,0.8,-8.029
US-2016-133879,3/21/16,3/28/16,Standard Class,KT-16465,Kean Takahito,Consumer,United States,Chicago,Illinois,60623,Central,OFF-BI-10004465,Office Supplies,Binders,Avery Durable Slant Ring Binders,3.168,2,0.8,-4.752
US-2016-133879,3/21/16,3/28/16,Standard Class,KT-16465,Kean Takahito,Consumer,United States,Chicago,Illinois,60623,Central,FUR-CH-10000665,Furniture,Chairs,"Global Airflow Leather Mesh Back Chair, Black",528.43,5,0.3,0
US-2016-133879,3/21/16,3/28/16,Standard Class,KT-16465,Kean Takahito,Consumer,United States,Chicago,Illinois,60623,Central,OFF-AR-10004956,Office Supplies,Art,Newell 33,13.392,3,0.2,1.5066
US-2017-132059,9/23/17,9/29/17,Standard Class,AP-10915,Arthur Prichep,Consumer,United States,Fort Collins,Colorado,80525,West,FUR-BO-10001811,Furniture,Bookcases,"Atlantic Metals Mobile 5-Shelf Bookcases, Custom Colors",180.588,2,0.7,-240.784
US-2017-132059,9/23/17,9/29/17,Standard Class,AP-10915,Arthur Prichep,Consumer,United States,Fort Collins,Colorado,80525,West,TEC-AC-10003280,Technology,Accessories,Belkin F8E887 USB Wired Ergonomic Keyboard,47.984,2,0.2,0.5998
US-2017-146416,10/20/17,10/22/17,Second Class,JE-16165,Justin Ellison,Corporate,United States,Woodland,California,95695,West,OFF-LA-10003714,Office Supplies,Labels,Avery 510,3.75,1,0,1.8
US-2017-146416,10/20/17,10/22/17,Second Class,JE-16165,Justin Ellison,Corporate,United States,Woodland,California,95695,West,OFF-BI-10001787,Office Supplies,Binders,Wilson Jones Four-Pocket Poly Binders,20.928,4,0.2,7.5864
US-2015-163783,12/27/15,1/1/16,Standard Class,DR-12940,Daniel Raglin,Home Office,United States,Chicago,Illinois,60610,Central,OFF-ST-10002957,Office Supplies,Storage,Sterilite Show Offs Storage Containers,12.672,3,0.2,-3.168
US-2017-108245,9/22/17,9/27/17,Standard Class,SH-19975,Sally Hughsby,Corporate,United States,Pearland,Texas,77581,Central,OFF-EN-10001415,Office Supplies,Envelopes,Staple envelope,13.392,3,0.2,5.022
US-2017-108245,9/22/17,9/27/17,Standard Class,SH-19975,Sally Hughsby,Corporate,United States,Pearland,Texas,77581,Central,OFF-BI-10000773,Office Supplies,Binders,Insertable Tab Post Binder Dividers,11.228,7,0.8,-18.5262
US-2015-137008,10/2/15,10/8/15,Standard Class,JP-15460,Jennifer Patt,Corporate,United States,Lakewood,New Jersey,8701,East,OFF-PA-10001295,Office Supplies,Paper,Computer Printout Paper with Letter-Trim Perforations,94.85,5,0,45.528
US-2015-137008,10/2/15,10/8/15,Standard Class,JP-15460,Jennifer Patt,Corporate,United States,Lakewood,New Jersey,8701,East,OFF-EN-10002500,Office Supplies,Envelopes,Globe Weis Peel & Seel First Class Envelopes,51.12,4,0,23.004
US-2015-137008,10/2/15,10/8/15,Standard Class,JP-15460,Jennifer Patt,Corporate,United States,Lakewood,New Jersey,8701,East,TEC-AC-10000892,Technology,Accessories,NETGEAR N750 Dual Band Wi-Fi Gigabit Router,90,1,0,32.4
US-2017-156356,4/16/17,4/22/17,Standard Class,ND-18370,Natalie DeCherney,Consumer,United States,Houston,Texas,77095,Central,OFF-BI-10000632,Office Supplies,Binders,Satellite Sectional Post Binders,26.046,3,0.8,-44.2782
US-2017-156356,4/16/17,4/22/17,Standard Class,ND-18370,Natalie DeCherney,Consumer,United States,Houston,Texas,77095,Central,OFF-BI-10001107,Office Supplies,Binders,"GBC White Gloss Covers, Plain Front",2.896,1,0.8,-4.7784
US-2017-156356,4/16/17,4/22/17,Standard Class,ND-18370,Natalie DeCherney,Consumer,United States,Houston,Texas,77095,Central,OFF-ST-10002301,Office Supplies,Storage,Tennsco Commercial Shelving,32.544,2,0.2,-7.7292
US-2016-127971,11/20/16,11/27/16,Standard Class,DW-13195,David Wiener,Corporate,United States,Houston,Texas,77095,Central,FUR-CH-10003774,Furniture,Chairs,"Global Wood Trimmed Manager's Task Chair, Khaki",318.43,5,0.3,-77.333
US-2016-127971,11/20/16,11/27/16,Standard Class,DW-13195,David Wiener,Corporate,United States,Houston,Texas,77095,Central,TEC-PH-10003095,Technology,Phones,Samsung HM1900 Bluetooth Headset,122.92,7,0.2,46.095
US-2016-127971,11/20/16,11/27/16,Standard Class,DW-13195,David Wiener,Corporate,United States,Houston,Texas,77095,Central,FUR-FU-10000023,Furniture,Furnishings,Eldon Wave Desk Accessories,7.068,3,0.6,-2.8272
US-2016-140809,2/1/16,2/3/16,First Class,CK-12760,Cyma Kinney,Corporate,United States,Arlington,Virginia,22204,South,OFF-ST-10002214,Office Supplies,Storage,X-Rack File for Hanging Folders,56.45,5,0,14.677
US-2017-140907,12/10/17,12/12/17,Second Class,BP-11185,Ben Peterman,Corporate,United States,Seattle,Washington,98103,West,TEC-AC-10004510,Technology,Accessories,Logitech Desktop MK120 Mouse and keyboard Combo,49.08,3,0,4.908
US-2017-140907,12/10/17,12/12/17,Second Class,BP-11185,Ben Peterman,Corporate,United States,Seattle,Washington,98103,West,OFF-ST-10000060,Office Supplies,Storage,Fellowes Bankers Box Staxonsteel Drawer File/Stacking System,324.9,5,0,38.988
US-2017-140907,12/10/17,12/12/17,Second Class,BP-11185,Ben Peterman,Corporate,United States,Seattle,Washington,98103,West,OFF-AR-10000799,Office Supplies,Art,Col-Erase Pencils with Erasers,18.24,3,0,5.2896
US-2016-161844,12/9/16,12/14/16,Second Class,DK-12835,Damala Kotsonis,Corporate,United States,Franklin,Tennessee,37064,South,FUR-TA-10001676,Furniture,Tables,Hon 61000 Series Interactive Training Tables,79.974,3,0.4,-29.3238
US-2016-161844,12/9/16,12/14/16,Second Class,DK-12835,Damala Kotsonis,Corporate,United States,Franklin,Tennessee,37064,South,OFF-BI-10003712,Office Supplies,Binders,"Acco Pressboard Covers with Storage Hooks, 14 7/8"" x 11"", Light Blue",2.946,2,0.7,-2.0622
US-2016-162103,11/13/16,11/17/16,Standard Class,LB-16795,Laurel Beltran,Home Office,United States,Highland Park,Illinois,60035,Central,OFF-BI-10000285,Office Supplies,Binders,XtraLife ClearVue Slant-D Ring Binders by Cardinal,3.136,2,0.8,-4.704
US-2014-126571,10/11/14,10/15/14,Standard Class,JF-15565,Jill Fjeld,Consumer,United States,Philadelphia,Pennsylvania,19120,East,OFF-ST-10003816,Office Supplies,Storage,Fellowes High-Stak Drawer Files,281.904,2,0.2,10.5714
US-2014-126571,10/11/14,10/15/14,Standard Class,JF-15565,Jill Fjeld,Consumer,United States,Philadelphia,Pennsylvania,19120,East,OFF-EN-10002230,Office Supplies,Envelopes,Airmail Envelopes,201.432,3,0.2,67.9833
US-2014-117170,9/17/14,9/24/14,Standard Class,KT-16465,Kean Takahito,Consumer,United States,Raleigh,North Carolina,27604,South,TEC-AC-10001109,Technology,Accessories,Logitech Trackman Marble Mouse,47.984,2,0.2,13.1956
US-2014-117170,9/17/14,9/24/14,Standard Class,KT-16465,Kean Takahito,Consumer,United States,Raleigh,North Carolina,27604,South,OFF-PA-10000682,Office Supplies,Paper,Xerox 1924,4.624,1,0.2,1.6762
US-2015-110569,5/23/15,5/30/15,Standard Class,EB-13870,Emily Burns,Consumer,United States,Phoenix,Arizona,85023,West,OFF-BI-10001036,Office Supplies,Binders,Cardinal EasyOpen D-Ring Binders,19.194,7,0.7,-12.796
US-2015-110569,5/23/15,5/30/15,Standard Class,EB-13870,Emily Burns,Consumer,United States,Phoenix,Arizona,85023,West,OFF-AP-10004708,Office Supplies,Appliances,Fellowes Superior 10 Outlet Split Surge Protector,121.792,4,0.2,13.7016
US-2014-159926,11/18/14,11/22/14,Standard Class,CS-11950,Carlos Soltero,Consumer,United States,Philadelphia,Pennsylvania,19140,East,OFF-BI-10003656,Office Supplies,Binders,Fellowes PB200 Plastic Comb Binding Machine,50.997,1,0.7,-40.7976
US-2014-159926,11/18/14,11/22/14,Standard Class,CS-11950,Carlos Soltero,Consumer,United States,Philadelphia,Pennsylvania,19140,East,OFF-ST-10003656,Office Supplies,Storage,Safco Industrial Wire Shelving,76.792,1,0.2,-16.3183
US-2014-159926,11/18/14,11/22/14,Standard Class,CS-11950,Carlos Soltero,Consumer,United States,Philadelphia,Pennsylvania,19140,East,TEC-PH-10001128,Technology,Phones,Motorola Droid Maxx,539.964,6,0.4,-107.9928
US-2014-159926,11/18/14,11/22/14,Standard Class,CS-11950,Carlos Soltero,Consumer,United States,Philadelphia,Pennsylvania,19140,East,FUR-FU-10001473,Furniture,Furnishings,"Eldon Executive Woodline II Desk Accessories, Mahogany",60.312,3,0.2,5.2773
US-2014-159926,11/18/14,11/22/14,Standard Class,CS-11950,Carlos Soltero,Consumer,United States,Philadelphia,Pennsylvania,19140,East,OFF-BI-10004656,Office Supplies,Binders,Peel & Stick Add-On Corner Pockets,1.944,3,0.7,-1.4256
US-2014-133130,9/27/14,10/1/14,Standard Class,TH-21100,Thea Hendricks,Consumer,United States,San Diego,California,92037,West,FUR-CH-10002602,Furniture,Chairs,DMI Arturo Collection Mission-style Design Wood Chair,603.92,5,0.2,45.294
US-2014-133130,9/27/14,10/1/14,Standard Class,TH-21100,Thea Hendricks,Consumer,United States,San Diego,California,92037,West,OFF-PA-10000675,Office Supplies,Paper,Xerox 1919,81.98,2,0,40.1702
US-2017-109253,8/21/17,8/22/17,First Class,PR-18880,Patrick Ryan,Consumer,United States,Oakland,California,94601,West,OFF-AR-10000203,Office Supplies,Art,Newell 336,17.12,4,0,4.9648
US-2017-109253,8/21/17,8/22/17,First Class,PR-18880,Patrick Ryan,Consumer,United States,Oakland,California,94601,West,TEC-PH-10004667,Technology,Phones,Cisco 8x8 Inc. 6753i IP Business Phone System,431.968,4,0.2,37.7972
US-2017-109253,8/21/17,8/22/17,First Class,PR-18880,Patrick Ryan,Consumer,United States,Oakland,California,94601,West,FUR-FU-10000193,Furniture,Furnishings,Tenex Chairmats For Use with Hard Floors,129.92,4,0,10.3936
US-2017-109253,8/21/17,8/22/17,First Class,PR-18880,Patrick Ryan,Consumer,United States,Oakland,California,94601,West,FUR-TA-10001539,Furniture,Tables,Chromcraft Rectangular Conference Tables,568.728,3,0.2,28.4364
US-2017-109253,8/21/17,8/22/17,First Class,PR-18880,Patrick Ryan,Consumer,United States,Oakland,California,94601,West,OFF-BI-10000962,Office Supplies,Binders,"Acco Flexible ACCOHIDE Square Ring Data Binder, Dark Blue, 11 1/2"" X 14"" 7/8""",117.144,9,0.2,42.4647
US-2017-109253,8/21/17,8/22/17,First Class,PR-18880,Patrick Ryan,Consumer,United States,Oakland,California,94601,West,OFF-AP-10002867,Office Supplies,Appliances,Fellowes Command Center 5-outlet power strip,203.52,3,0,54.9504
US-2017-109253,8/21/17,8/22/17,First Class,PR-18880,Patrick Ryan,Consumer,United States,Oakland,California,94601,West,OFF-LA-10001158,Office Supplies,Labels,"Avery Address/Shipping Labels for Typewriters, 4"" x 2""",51.75,5,0,24.84
US-2016-157308,8/17/16,8/21/16,Standard Class,NM-18520,Neoma Murray,Consumer,United States,Seattle,Washington,98105,West,OFF-BI-10003712,Office Supplies,Binders,"Acco Pressboard Covers with Storage Hooks, 14 7/8"" x 11"", Light Blue",15.712,4,0.2,5.6956
US-2014-134733,9/23/14,9/28/14,Standard Class,BM-11650,Brian Moss,Corporate,United States,San Diego,California,92037,West,FUR-BO-10002916,Furniture,Bookcases,"Rush Hierlooms Collection 1"" Thick Stackable Bookcases",435.999,3,0.15,20.5176
US-2014-134733,9/23/14,9/28/14,Standard Class,BM-11650,Brian Moss,Corporate,United States,San Diego,California,92037,West,TEC-PH-10002726,Technology,Phones,netTALK DUO VoIP Telephone Service,83.984,2,0.2,31.494
US-2014-150434,7/19/14,7/24/14,Standard Class,CA-12310,Christine Abelman,Corporate,United States,Bristol,Connecticut,6010,East,TEC-PH-10000895,Technology,Phones,Polycom VVX 310 VoIP phone,359.98,2,0,93.5948
US-2014-150434,7/19/14,7/24/14,Standard Class,CA-12310,Christine Abelman,Corporate,United States,Bristol,Connecticut,6010,East,FUR-TA-10004152,Furniture,Tables,"Barricks 18"" x 48"" Non-Folding Utility Table with Bottom Storage Shelf",70.56,1,0.3,-4.032
US-2014-150434,7/19/14,7/24/14,Standard Class,CA-12310,Christine Abelman,Corporate,United States,Bristol,Connecticut,6010,East,OFF-BI-10003694,Office Supplies,Binders,"Avery 3 1/2"" Diskette Storage Pages, 10/Pack",20.88,2,0,9.6048
US-2014-150434,7/19/14,7/24/14,Standard Class,CA-12310,Christine Abelman,Corporate,United States,Bristol,Connecticut,6010,East,OFF-BI-10002160,Office Supplies,Binders,Acco Hanging Data Binders,3.81,1,0,1.8288
US-2015-142020,6/4/15,6/8/15,Second Class,TC-21535,Tracy Collins,Home Office,United States,New York City,New York,10024,East,OFF-PA-10004569,Office Supplies,Paper,"Wirebound Message Books, Two 4 1/4"" x 5"" Forms per Page",30.44,4,0,14.3068
US-2015-142020,6/4/15,6/8/15,Second Class,TC-21535,Tracy Collins,Home Office,United States,New York City,New York,10024,East,FUR-FU-10000672,Furniture,Furnishings,"Executive Impressions 10"" Spectator Wall Clock",35.28,3,0,11.9952
US-2017-162208,8/27/17,8/30/17,First Class,SP-20620,Stefania Perrino,Corporate,United States,Tampa,Florida,33614,South,OFF-EN-10004030,Office Supplies,Envelopes,Convenience Packs of Business Envelopes,2.896,1,0.2,0.9774
US-2017-131583,6/10/17,6/10/17,Same Day,CL-11890,Carl Ludwig,Consumer,United States,Philadelphia,Pennsylvania,19143,East,OFF-PA-10000380,Office Supplies,Paper,"REDIFORM Incoming/Outgoing Call Register, 11"" X 8 1/2"", 100 Messages",40.032,6,0.2,15.012
US-2017-148362,7/1/17,7/8/17,Standard Class,KF-16285,Karen Ferguson,Home Office,United States,Indianapolis,Indiana,46203,Central,OFF-ST-10001128,Office Supplies,Storage,"Carina Mini System Audio Rack, Model AR050B",443.92,4,0,13.3176
US-2017-148362,7/1/17,7/8/17,Standard Class,KF-16285,Karen Ferguson,Home Office,United States,Indianapolis,Indiana,46203,Central,OFF-BI-10003656,Office Supplies,Binders,Fellowes PB200 Plastic Comb Binding Machine,169.99,1,0,78.1954
US-2017-148362,7/1/17,7/8/17,Standard Class,KF-16285,Karen Ferguson,Home Office,United States,Indianapolis,Indiana,46203,Central,OFF-PA-10003441,Office Supplies,Paper,Xerox 226,25.92,4,0,12.4416
US-2014-150119,4/23/14,4/27/14,Standard Class,LB-16795,Laurel Beltran,Home Office,United States,Columbus,Ohio,43229,East,FUR-CH-10002965,Furniture,Chairs,"Global Leather Highback Executive Chair with Pneumatic Height Adjustment, Black",281.372,2,0.3,-12.0588
US-2014-150119,4/23/14,4/27/14,Standard Class,LB-16795,Laurel Beltran,Home Office,United States,Columbus,Ohio,43229,East,FUR-CH-10002965,Furniture,Chairs,"Global Leather Highback Executive Chair with Pneumatic Height Adjustment, Black",281.372,2,0.3,-12.0588
US-2014-150119,4/23/14,4/27/14,Standard Class,LB-16795,Laurel Beltran,Home Office,United States,Columbus,Ohio,43229,East,OFF-BI-10000145,Office Supplies,Binders,Zipper Ring Binder Pockets,7.488,8,0.7,-5.2416
US-2014-150119,4/23/14,4/27/14,Standard Class,LB-16795,Laurel Beltran,Home Office,United States,Columbus,Ohio,43229,East,FUR-FU-10002191,Furniture,Furnishings,G.E. Halogen Desk Lamp Bulbs,22.336,4,0.2,7.8176
US-2017-150847,4/30/17,5/6/17,Standard Class,JF-15490,Jeremy Farry,Consumer,United States,Columbus,Ohio,43229,East,OFF-PA-10004451,Office Supplies,Paper,Xerox 222,10.368,2,0.2,3.6288
US-2017-111024,7/3/17,7/6/17,Second Class,SZ-20035,Sam Zeldin,Home Office,United States,Lancaster,Ohio,43130,East,OFF-PA-10000174,Office Supplies,Paper,"Message Book, Wirebound, Four 5 1/2"" X 4"" Forms/Pg., 200 Dupl. Sets/Book",32.896,4,0.2,11.1024
US-2017-111024,7/3/17,7/6/17,Second Class,SZ-20035,Sam Zeldin,Home Office,United States,Lancaster,Ohio,43130,East,FUR-TA-10002041,Furniture,Tables,"Bevis Round Conference Table Top, X-Base",215.148,2,0.4,-103.9882
US-2017-111024,7/3/17,7/6/17,Second Class,SZ-20035,Sam Zeldin,Home Office,United States,Lancaster,Ohio,43130,East,OFF-PA-10002246,Office Supplies,Paper,"Wirebound Four 2-3/4 x 5 Forms per Page, 400 Sets per Book",30.96,6,0.2,11.223
US-2015-100531,9/27/15,9/29/15,First Class,NM-18520,Neoma Murray,Consumer,United States,Chicago,Illinois,60610,Central,OFF-BI-10001670,Office Supplies,Binders,Vinyl Sectional Post Binders,15.08,2,0.8,-22.62
US-2015-100531,9/27/15,9/29/15,First Class,NM-18520,Neoma Murray,Consumer,United States,Chicago,Illinois,60610,Central,FUR-FU-10003849,Furniture,Furnishings,"DAX Metal Frame, Desktop, Stepped-Edge",24.288,3,0.6,-12.7512
US-2015-147242,9/10/15,9/14/15,Standard Class,EH-13765,Edward Hooks,Corporate,United States,Revere,Massachusetts,2151,East,OFF-AP-10003842,Office Supplies,Appliances,Euro-Pro Shark Turbo Vacuum,61.96,2,0,16.1096
US-2015-147242,9/10/15,9/14/15,Standard Class,EH-13765,Edward Hooks,Corporate,United States,Revere,Massachusetts,2151,East,FUR-BO-10004695,Furniture,Bookcases,O'Sullivan 2-Door Barrister Bookcase in Odessa Pine,361.96,2,0,83.2508
US-2015-147242,9/10/15,9/14/15,Standard Class,EH-13765,Edward Hooks,Corporate,United States,Revere,Massachusetts,2151,East,OFF-PA-10003039,Office Supplies,Paper,Xerox 1960,278.82,9,0,125.469
US-2016-150035,12/1/16,12/5/16,Standard Class,CL-11890,Carl Ludwig,Consumer,United States,San Francisco,California,94122,West,FUR-FU-10003724,Furniture,Furnishings,Westinghouse Clip-On Gooseneck Lamps,16.74,2,0,4.3524
US-2016-134761,11/30/16,11/30/16,Same Day,DB-13210,Dean Braden,Consumer,United States,Hickory,North Carolina,28601,South,TEC-PH-10002890,Technology,Phones,AT&T 17929 Lendline Telephone,36.192,1,0.2,2.7144
US-2016-113649,8/9/16,8/12/16,First Class,HA-14920,Helen Andreada,Consumer,United States,Fayetteville,North Carolina,28314,South,OFF-PA-10000130,Office Supplies,Paper,Xerox 199,30.816,9,0.2,9.63
US-2016-113649,8/9/16,8/12/16,First Class,HA-14920,Helen Andreada,Consumer,United States,Fayetteville,North Carolina,28314,South,TEC-PH-10002350,Technology,Phones,Apple EarPods with Remote and Mic,44.784,2,0.2,4.4784
US-2016-113649,8/9/16,8/12/16,First Class,HA-14920,Helen Andreada,Consumer,United States,Fayetteville,North Carolina,28314,South,OFF-AP-10002518,Office Supplies,Appliances,Kensington 7 Outlet MasterPiece Power Center,569.536,4,0.2,64.0728
US-2016-152835,5/19/16,5/23/16,Standard Class,RP-19855,Roy Phan,Corporate,United States,Lafayette,Indiana,47905,Central,OFF-AR-10003056,Office Supplies,Art,Newell 341,21.4,5,0,6.206
US-2017-126081,6/29/17,7/4/17,Standard Class,FC-14335,Fred Chung,Corporate,United States,Mesquite,Texas,75150,Central,OFF-PA-10003953,Office Supplies,Paper,Xerox 218,5.184,1,0.2,1.8144
US-2016-131674,11/29/16,12/1/16,Second Class,NC-18535,Nick Crebassa,Corporate,United States,Dallas,Texas,75217,Central,TEC-AC-10004864,Technology,Accessories,Memorex Micro Travel Drive 32 GB,58.416,2,0.2,16.7946
US-2017-129777,7/3/17,7/9/17,Standard Class,FM-14290,Frank Merwin,Home Office,United States,Quincy,Massachusetts,2169,East,TEC-AC-10003590,Technology,Accessories,"TRENDnet 56K USB 2.0 Phone, Internet and Fax Modem",258.9,10,0,93.204
US-2017-129777,7/3/17,7/9/17,Standard Class,FM-14290,Frank Merwin,Home Office,United States,Quincy,Massachusetts,2169,East,OFF-PA-10001970,Office Supplies,Paper,Xerox 1881,24.56,2,0,11.5432
US-2015-131359,10/30/15,11/2/15,Second Class,FA-14230,Frank Atkinson,Corporate,United States,Denver,Colorado,80219,West,TEC-MA-10000597,Technology,Machines,Lexmark S315 Color Inkjet Printer,59.994,2,0.7,-45.9954
US-2015-131359,10/30/15,11/2/15,Second Class,FA-14230,Frank Atkinson,Corporate,United States,Denver,Colorado,80219,West,TEC-CO-10001571,Technology,Copiers,Sharp 1540cs Digital Laser Copier,439.992,1,0.2,164.997
US-2015-131359,10/30/15,11/2/15,Second Class,FA-14230,Frank Atkinson,Corporate,United States,Denver,Colorado,80219,West,TEC-PH-10004531,Technology,Phones,OtterBox Commuter Series Case - iPhone 5 & 5s,87.96,5,0.2,30.786
US-2015-131359,10/30/15,11/2/15,Second Class,FA-14230,Frank Atkinson,Corporate,United States,Denver,Colorado,80219,West,FUR-FU-10003026,Furniture,Furnishings,"Eldon Regeneration Recycled Desk Accessories, Black",15.488,4,0.2,3.6784
US-2014-169789,12/30/14,1/4/15,Standard Class,MF-17665,Maureen Fritzler,Corporate,United States,Phoenix,Arizona,85023,West,OFF-BI-10004600,Office Supplies,Binders,Ibico Ibimaster 300 Manual Binding System,551.985,5,0.7,-459.9875
US-2016-101196,5/12/16,5/17/16,Standard Class,FM-14215,Filia McAdams,Corporate,United States,Philadelphia,Pennsylvania,19140,East,OFF-ST-10004804,Office Supplies,Storage,"Belkin 19"" Vented Equipment Shelf, Black",82.368,2,0.2,-19.5624
US-2014-102715,4/11/14,4/13/14,Second Class,JK-15370,Jay Kimmel,Consumer,United States,Miami,Florida,33180,South,OFF-FA-10001332,Office Supplies,Fasteners,"Acco Banker's Clasps, 5 3/4""-Long",6.912,3,0.2,2.3328
US-2014-102715,4/11/14,4/13/14,Second Class,JK-15370,Jay Kimmel,Consumer,United States,Miami,Florida,33180,South,TEC-AC-10002001,Technology,Accessories,Logitech Wireless Gaming Headset G930,383.976,3,0.2,81.5949
US-2014-102715,4/11/14,4/13/14,Second Class,JK-15370,Jay Kimmel,Consumer,United States,Miami,Florida,33180,South,OFF-PA-10000029,Office Supplies,Paper,Xerox 224,10.368,2,0.2,3.6288
US-2014-102715,4/11/14,4/13/14,Second Class,JK-15370,Jay Kimmel,Consumer,United States,Miami,Florida,33180,South,TEC-AC-10001874,Technology,Accessories,Logitech Wireless Anywhere Mouse MX for PC and Mac,335.944,7,0.2,41.993
US-2017-148768,11/30/17,12/2/17,Second Class,PN-18775,Parhena Norris,Home Office,United States,Miami,Florida,33180,South,TEC-PH-10002564,Technology,Phones,OtterBox Defender Series Case - Samsung Galaxy S4,71.976,3,0.2,8.997
US-2016-133508,4/17/16,4/21/16,Standard Class,SW-20350,Sean Wendt,Home Office,United States,Omaha,Nebraska,68104,Central,OFF-FA-10000134,Office Supplies,Fasteners,"Advantus Push Pins, Aluminum Head",29.05,5,0,9.0055
US-2014-117163,1/27/14,2/2/14,Standard Class,EJ-13720,Ed Jacobs,Consumer,United States,San Diego,California,92037,West,OFF-ST-10003692,Office Supplies,Storage,Recycled Steel Personal File for Hanging File Folders,57.23,1,0,14.3075
US-2014-117163,1/27/14,2/2/14,Standard Class,EJ-13720,Ed Jacobs,Consumer,United States,San Diego,California,92037,West,FUR-TA-10003469,Furniture,Tables,Balt Split Level Computer Training Table,333,3,0.2,-16.65
US-2014-117163,1/27/14,2/2/14,Standard Class,EJ-13720,Ed Jacobs,Consumer,United States,San Diego,California,92037,West,OFF-AR-10003179,Office Supplies,Art,Dixon Ticonderoga Core-Lock Colored Pencils,36.44,4,0,12.0252
US-2015-111927,11/14/15,11/19/15,Standard Class,LS-17230,Lycoris Saunders,Consumer,United States,Dover,Delaware,19901,East,FUR-FU-10004017,Furniture,Furnishings,"Executive Impressions 13"" Chairman Wall Clock",76.14,3,0,26.649
US-2015-111927,11/14/15,11/19/15,Standard Class,LS-17230,Lycoris Saunders,Consumer,United States,Dover,Delaware,19901,East,OFF-BI-10002571,Office Supplies,Binders,"Avery Framed View Binder, EZD Ring (Locking), Navy, 1 1/2""",19.96,2,0,9.3812
US-2014-109162,6/8/14,6/12/14,Standard Class,KE-16420,Katrina Edelman,Corporate,United States,Bristol,Tennessee,37620,South,FUR-CH-10002647,Furniture,Chairs,"Situations Contoured Folding Chairs, 4/Set",170.352,3,0.2,10.647
US-2017-131849,6/6/17,6/10/17,Standard Class,GH-14410,Gary Hansen,Home Office,United States,San Francisco,California,94122,West,FUR-FU-10004164,Furniture,Furnishings,"Eldon 300 Class Desk Accessories, Black",4.95,1,0,2.178
US-2017-131849,6/6/17,6/10/17,Standard Class,GH-14410,Gary Hansen,Home Office,United States,San Francisco,California,94122,West,OFF-ST-10002957,Office Supplies,Storage,Sterilite Show Offs Storage Containers,26.4,5,0,0
US-2017-105389,10/23/17,10/28/17,Second Class,DM-13015,Darrin Martin,Consumer,United States,San Antonio,Texas,78207,Central,OFF-BI-10004364,Office Supplies,Binders,Storex Dura Pro Binders,3.564,3,0.8,-6.237
US-2017-105389,10/23/17,10/28/17,Second Class,DM-13015,Darrin Martin,Consumer,United States,San Antonio,Texas,78207,Central,TEC-PH-10002824,Technology,Phones,Jabra SPEAK 410 Multidevice Speakerphone,823.96,5,0.2,51.4975
US-2017-105389,10/23/17,10/28/17,Second Class,DM-13015,Darrin Martin,Consumer,United States,San Antonio,Texas,78207,Central,OFF-AR-10000634,Office Supplies,Art,Newell 320,10.272,3,0.2,0.8988
US-2017-127341,1/29/17,2/2/17,Standard Class,CK-12595,Clytie Kelty,Consumer,United States,Chicago,Illinois,60653,Central,OFF-BI-10001072,Office Supplies,Binders,"GBC Clear Cover, 8-1/2 x 11, unpunched, 25 covers per pack",12.128,4,0.8,-20.6176
US-2016-163881,11/24/16,11/30/16,Standard Class,SP-20860,Sung Pak,Corporate,United States,Los Angeles,California,90036,West,TEC-AC-10003033,Technology,Accessories,Plantronics CS510 - Over-the-Head monaural Wireless Headset System,659.9,2,0,217.767
US-2016-163881,11/24/16,11/30/16,Standard Class,SP-20860,Sung Pak,Corporate,United States,Los Angeles,California,90036,West,FUR-CH-10001394,Furniture,Chairs,Global Leather Executive Chair,1684.752,6,0.2,210.594
US-2016-163881,11/24/16,11/30/16,Standard Class,SP-20860,Sung Pak,Corporate,United States,Los Angeles,California,90036,West,TEC-AC-10000420,Technology,Accessories,Logitech G500s Laser Gaming Mouse with Adjustable Weight Tuning,559.92,8,0,190.3728
US-2016-144547,11/10/16,11/14/16,Standard Class,MS-17770,Maxwell Schwartz,Consumer,United States,Houston,Texas,77036,Central,TEC-AC-10004901,Technology,Accessories,Kensington SlimBlade Notebook Wireless Mouse with Nano Receiver ,279.944,7,0.2,48.9902
US-2014-112200,11/22/14,11/28/14,Standard Class,TC-21475,Tony Chapman,Home Office,United States,Bolingbrook,Illinois,60440,Central,OFF-BI-10002571,Office Supplies,Binders,"Avery Framed View Binder, EZD Ring (Locking), Navy, 1 1/2""",9.98,5,0.8,-16.467
US-2015-119312,10/2/15,10/7/15,Second Class,CS-12400,Christopher Schild,Home Office,United States,Los Angeles,California,90045,West,OFF-ST-10000943,Office Supplies,Storage,Eldon ProFile File 'N Store Portable File Tub Letter/Legal Size Black,270.34,14,0,75.6952
US-2017-142573,7/18/17,7/23/17,Standard Class,ML-17410,Maris LaWare,Consumer,United States,Phoenix,Arizona,85023,West,FUR-TA-10001932,Furniture,Tables,"Chromcraft 48"" x 96"" Racetrack Double Pedestal Table",801.6,5,0.5,-448.896
US-2017-142573,7/18/17,7/23/17,Standard Class,ML-17410,Maris LaWare,Consumer,United States,Phoenix,Arizona,85023,West,FUR-CH-10004218,Furniture,Chairs,"Global Fabric Manager's Chair, Dark Gray",161.568,2,0.2,10.098
US-2017-142573,7/18/17,7/23/17,Standard Class,ML-17410,Maris LaWare,Consumer,United States,Phoenix,Arizona,85023,West,OFF-PA-10000246,Office Supplies,Paper,Riverleaf Stik-Withit Designer Note Cubes,16.096,2,0.2,5.2312
US-2017-142573,7/18/17,7/23/17,Standard Class,ML-17410,Maris LaWare,Consumer,United States,Phoenix,Arizona,85023,West,OFF-BI-10003350,Office Supplies,Binders,Acco Expandable Hanging Binders,7.656,4,0.7,-6.1248
US-2017-142573,7/18/17,7/23/17,Standard Class,ML-17410,Maris LaWare,Consumer,United States,Phoenix,Arizona,85023,West,FUR-CH-10000513,Furniture,Chairs,High-Back Leather Manager's Chair,311.976,3,0.2,-42.8967
US-2015-148817,12/1/15,12/7/15,Standard Class,KD-16495,Keith Dawkins,Corporate,United States,Chesapeake,Virginia,23320,South,OFF-ST-10001321,Office Supplies,Storage,"Decoflex Hanging Personal Folder File, Blue",61.68,4,0,16.6536
US-2015-148817,12/1/15,12/7/15,Standard Class,KD-16495,Keith Dawkins,Corporate,United States,Chesapeake,Virginia,23320,South,OFF-BI-10004233,Office Supplies,Binders,"GBC Pre-Punched Binding Paper, Plastic, White, 8-1/2"" x 11""",63.96,4,0,30.7008
US-2016-143448,12/10/16,12/10/16,Same Day,MH-17455,Mark Hamilton,Consumer,United States,Greenwood,Indiana,46142,Central,FUR-CH-10003379,Furniture,Chairs,Global Commerce Series High-Back Swivel/Tilt Chairs,1424.9,5,0,356.225
US-2016-142685,6/23/16,6/30/16,Standard Class,MG-17695,Maureen Gnade,Consumer,United States,Buffalo,New York,14215,East,OFF-SU-10000157,Office Supplies,Supplies,Compact Automatic Electric Letter Opener,835.17,7,0,16.7034
US-2016-151862,3/1/16,3/8/16,Standard Class,ON-18715,Odella Nelson,Corporate,United States,Denver,Colorado,80219,West,TEC-PH-10003535,Technology,Phones,RCA ViSYS 25423RE1 Corded phone,159.984,2,0.2,13.9986
US-2015-163685,6/1/15,6/5/15,Standard Class,KE-16420,Katrina Edelman,Corporate,United States,San Antonio,Texas,78207,Central,OFF-BI-10001890,Office Supplies,Binders,Avery Poly Binder Pockets,5.728,8,0.8,-9.1648
US-2015-163685,6/1/15,6/5/15,Standard Class,KE-16420,Katrina Edelman,Corporate,United States,San Antonio,Texas,78207,Central,OFF-PA-10002606,Office Supplies,Paper,Xerox 1928,42.24,10,0.2,13.2
US-2016-116400,10/22/16,10/24/16,First Class,EB-13930,Eric Barreto,Consumer,United States,Richmond,Virginia,23223,South,FUR-FU-10003731,Furniture,Furnishings,"Eldon Expressions Wood and Plastic Desk Accessories, Oak",39.92,4,0,11.1776
US-2016-159415,4/17/16,4/22/16,Standard Class,CS-12175,Charles Sheldon,Corporate,United States,Columbia,Tennessee,38401,South,FUR-FU-10003798,Furniture,Furnishings,"Ultra Door Kickplate, 8""H x 34""W",79.12,5,0.2,13.846
US-2015-149629,7/17/15,7/20/15,Second Class,MP-17965,Michael Paige,Corporate,United States,Port Saint Lucie,Florida,34952,South,FUR-BO-10004709,Furniture,Bookcases,"Bush Westfield Collection Bookcases, Medium Cherry Finish",231.92,5,0.2,5.798
US-2015-168732,12/10/15,12/16/15,Standard Class,KM-16660,Khloe Miller,Consumer,United States,Roswell,Georgia,30076,South,OFF-AR-10003087,Office Supplies,Art,Staples in misc. colors,1.78,1,0,0.4984
US-2015-168732,12/10/15,12/16/15,Standard Class,KM-16660,Khloe Miller,Consumer,United States,Roswell,Georgia,30076,South,OFF-PA-10000520,Office Supplies,Paper,Xerox 201,25.92,4,0,12.4416
US-2015-168732,12/10/15,12/16/15,Standard Class,KM-16660,Khloe Miller,Consumer,United States,Roswell,Georgia,30076,South,TEC-AC-10001553,Technology,Accessories,"Memorex 25GB 6X Branded Blu-Ray Recordable Disc, 15/Pack",101.94,6,0,21.4074
US-2016-108777,12/12/16,12/12/16,Same Day,JM-15655,Jim Mitchum,Corporate,United States,Lorain,Ohio,44052,East,OFF-BI-10003982,Office Supplies,Binders,Wilson Jones Century Plastic Molded Ring Binders,18.693,3,0.7,-14.3313
US-2016-108777,12/12/16,12/12/16,Same Day,JM-15655,Jim Mitchum,Corporate,United States,Lorain,Ohio,44052,East,TEC-AC-10002567,Technology,Accessories,Logitech G602 Wireless Gaming Mouse,383.952,6,0.2,76.7904
US-2015-166520,7/16/15,7/19/15,First Class,KE-16420,Katrina Edelman,Corporate,United States,New York City,New York,10035,East,OFF-PA-10000501,Office Supplies,Paper,Petty Cash Envelope,80.88,3,0,39.6312
US-2015-166520,7/16/15,7/19/15,First Class,KE-16420,Katrina Edelman,Corporate,United States,New York City,New York,10035,East,TEC-AC-10001990,Technology,Accessories,Kensington Orbit Wireless Mobile Trackball for PC and Mac,599.9,10,0,191.968
US-2015-138716,9/17/15,9/20/15,First Class,CS-11845,Cari Sayre,Corporate,United States,Seattle,Washington,98105,West,OFF-BI-10001628,Office Supplies,Binders,"Acco Data Flex Cable Posts For Top & Bottom Load Binders, 6"" Capacity",25.032,3,0.2,7.8225
US-2016-122182,3/10/16,3/14/16,Standard Class,BD-11770,Bryan Davis,Consumer,United States,Philadelphia,Pennsylvania,19143,East,TEC-AC-10002800,Technology,Accessories,Plantronics Audio 478 Stereo USB Headset,39.992,1,0.2,7.4985
US-2014-130358,6/23/14,6/26/14,First Class,DL-13330,Denise Leinenbach,Consumer,United States,Concord,North Carolina,28027,South,OFF-AR-10002766,Office Supplies,Art,Prang Drawing Pencil Set,20.016,9,0.2,1.7514
US-2014-130358,6/23/14,6/26/14,First Class,DL-13330,Denise Leinenbach,Consumer,United States,Concord,North Carolina,28027,South,OFF-SU-10002522,Office Supplies,Supplies,Acme Kleen Earth Office Shears,3.104,1,0.2,0.3492
US-2015-164308,9/24/15,9/27/15,First Class,SC-20680,Steve Carroll,Home Office,United States,Broken Arrow,Oklahoma,74012,Central,TEC-PH-10004120,Technology,Phones,AT&T 1080 Phone,821.94,6,0,213.7044
US-2017-151316,6/24/17,6/30/17,Standard Class,MC-17635,Matthew Clasen,Corporate,United States,Decatur,Illinois,62521,Central,OFF-BI-10004632,Office Supplies,Binders,Ibico Hi-Tech Manual Binding System,182.994,3,0.8,-320.2395
US-2017-151316,6/24/17,6/30/17,Standard Class,MC-17635,Matthew Clasen,Corporate,United States,Decatur,Illinois,62521,Central,OFF-PA-10000327,Office Supplies,Paper,Xerox 1971,10.272,3,0.2,3.21
US-2014-156559,8/19/14,8/26/14,Standard Class,LH-16900,Lena Hernandez,Consumer,United States,Jonesboro,Arkansas,72401,South,FUR-BO-10000711,Furniture,Bookcases,"Hon Metal Bookcases, Gray",638.82,9,0,172.4814
US-2017-102288,6/19/17,6/23/17,Standard Class,ZC-21910,Zuschuss Carroll,Consumer,United States,Houston,Texas,77095,Central,OFF-AP-10004655,Office Supplies,Appliances,"Holmes Visible Mist Ultrasonic Humidifier with 2.3-Gallon Output per Day, Replacement Filter",2.264,1,0.8,-5.2072
US-2017-102288,6/19/17,6/23/17,Standard Class,ZC-21910,Zuschuss Carroll,Consumer,United States,Houston,Texas,77095,Central,OFF-AP-10002906,Office Supplies,Appliances,Hoover Replacement Belt for Commercial Guardsman Heavy-Duty Upright Vacuum,0.444,1,0.8,-1.11
US-2017-102288,6/19/17,6/23/17,Standard Class,ZC-21910,Zuschuss Carroll,Consumer,United States,Houston,Texas,77095,Central,OFF-PA-10000740,Office Supplies,Paper,Xerox 1982,146.176,8,0.2,47.5072
US-2017-155999,8/7/17,8/13/17,Standard Class,JK-15370,Jay Kimmel,Consumer,United States,San Diego,California,92105,West,TEC-PH-10000439,Technology,Phones,GE DSL Phone Line Filter,159.96,5,0.2,17.9955
US-2017-155999,8/7/17,8/13/17,Standard Class,JK-15370,Jay Kimmel,Consumer,United States,San Diego,California,92105,West,OFF-BI-10000404,Office Supplies,Binders,Avery Printable Repositionable Plastic Tabs,13.76,2,0.2,4.644
US-2016-148334,8/22/16,8/26/16,Standard Class,DD-13570,Dorothy Dickinson,Consumer,United States,Houston,Texas,77041,Central,OFF-BI-10003676,Office Supplies,Binders,"GBC Standard Recycled Report Covers, Clear Plastic Sheets",4.312,2,0.8,-6.8992
US-2014-107699,5/19/14,5/23/14,Standard Class,JH-15820,John Huston,Consumer,United States,Midland,Michigan,48640,Central,OFF-BI-10001249,Office Supplies,Binders,Avery Heavy-Duty EZD View Binder with Locking Rings,57.42,9,0,26.4132
US-2016-164588,4/16/16,4/23/16,Standard Class,AP-10915,Arthur Prichep,Consumer,United States,Columbus,Georgia,31907,South,OFF-AR-10003056,Office Supplies,Art,Newell 341,12.84,3,0,3.7236
US-2017-106131,1/14/17,1/16/17,First Class,TP-21565,Tracy Poddar,Corporate,United States,Aurora,Colorado,80013,West,TEC-AC-10003027,Technology,Accessories,Imation 8GB Mini TravelDrive USB 2.0 Flash Drive,169.064,7,0.2,-14.7931
US-2017-106131,1/14/17,1/16/17,First Class,TP-21565,Tracy Poddar,Corporate,United States,Aurora,Colorado,80013,West,OFF-ST-10003638,Office Supplies,Storage,Mobile Personal File Cube,168.624,9,0.2,14.7546
US-2017-119039,3/6/17,3/10/17,Standard Class,BF-11170,Ben Ferrer,Home Office,United States,San Francisco,California,94109,West,OFF-BI-10004182,Office Supplies,Binders,Economy Binders,14.976,9,0.2,5.4288
US-2017-136868,10/6/17,10/12/17,Standard Class,CR-12820,Cyra Reiten,Home Office,United States,New York City,New York,10035,East,TEC-AC-10001539,Technology,Accessories,Logitech G430 Surround Sound Gaming Headset with Dolby 7.1 Technology,319.96,4,0,115.1856
US-2017-136868,10/6/17,10/12/17,Standard Class,CR-12820,Cyra Reiten,Home Office,United States,New York City,New York,10035,East,OFF-PA-10002377,Office Supplies,Paper,"Adams Telephone Message Book W/Dividers/Space For Phone Numbers, 5 1/4""X8 1/2"", 200/Messages",17.04,3,0,7.668
US-2017-136868,10/6/17,10/12/17,Standard Class,CR-12820,Cyra Reiten,Home Office,United States,New York City,New York,10035,East,OFF-ST-10000991,Office Supplies,Storage,Space Solutions HD Industrial Steel Shelving.,344.91,3,0,10.3473
US-2015-134271,4/18/15,4/23/15,Second Class,RF-19735,Roland Fjeld,Consumer,United States,New York City,New York,10024,East,OFF-LA-10004093,Office Supplies,Labels,Avery 486,21.93,3,0,10.3071
US-2016-161683,12/3/16,12/8/16,Standard Class,CJ-12010,Caroline Jumper,Consumer,United States,Philadelphia,Pennsylvania,19134,East,OFF-AP-10000179,Office Supplies,Appliances,Honeywell Enviracaire Portable HEPA Air Cleaner for up to 10 x 16 Room,394.816,4,0.2,93.7688
US-2016-161683,12/3/16,12/8/16,Standard Class,CJ-12010,Caroline Jumper,Consumer,United States,Philadelphia,Pennsylvania,19134,East,OFF-BI-10001072,Office Supplies,Binders,"GBC Clear Cover, 8-1/2 x 11, unpunched, 25 covers per pack",18.192,4,0.7,-14.5536
US-2014-102631,12/13/14,12/17/14,Standard Class,EB-13840,Ellis Ballard,Corporate,United States,Chicago,Illinois,60623,Central,FUR-FU-10003930,Furniture,Furnishings,Howard Miller 12-3/4 Diameter Accuwave DS  Wall Clock,94.428,3,0.6,-42.4926
US-2016-131611,11/5/16,11/9/16,Standard Class,EP-13915,Emily Phan,Consumer,United States,Houston,Texas,77036,Central,FUR-TA-10002774,Furniture,Tables,Laminate Occasional Tables,863.128,8,0.3,-160.2952
US-2016-131611,11/5/16,11/9/16,Standard Class,EP-13915,Emily Phan,Consumer,United States,Houston,Texas,77036,Central,OFF-BI-10004364,Office Supplies,Binders,Storex Dura Pro Binders,3.564,3,0.8,-6.237
US-2016-131611,11/5/16,11/9/16,Standard Class,EP-13915,Emily Phan,Consumer,United States,Houston,Texas,77036,Central,FUR-BO-10000780,Furniture,Bookcases,O'Sullivan Plantations 2-Door Library in Landvery Oak,956.6648,7,0.32,-225.0976
US-2016-131611,11/5/16,11/9/16,Standard Class,EP-13915,Emily Phan,Consumer,United States,Houston,Texas,77036,Central,OFF-BI-10001989,Office Supplies,Binders,Premium Transparent Presentation Covers by GBC,12.588,3,0.8,-20.1408
US-2016-131611,11/5/16,11/9/16,Standard Class,EP-13915,Emily Phan,Consumer,United States,Houston,Texas,77036,Central,TEC-AC-10004001,Technology,Accessories,Logitech Wireless Headset H600 Over-The-Head Design,171.96,5,0.2,45.1395
US-2017-124821,6/25/17,6/29/17,Second Class,AM-10705,Anne McFarland,Consumer,United States,Seattle,Washington,98115,West,FUR-TA-10000688,Furniture,Tables,"Chromcraft Bull-Nose Wood Round Conference Table Top, Wood Base",871.4,4,0,148.138
US-2017-158505,7/21/17,7/21/17,Same Day,SF-20200,Sarah Foster,Consumer,United States,Murray,Utah,84107,West,TEC-PH-10004071,Technology,Phones,PayAnywhere Card Reader,71.928,9,0.2,6.2937
US-2017-158505,7/21/17,7/21/17,Same Day,SF-20200,Sarah Foster,Consumer,United States,Murray,Utah,84107,West,OFF-AR-10001044,Office Supplies,Art,"BOSTON Ranger #55 Pencil Sharpener, Black",25.99,1,0,7.5371
US-2016-107440,4/16/16,4/20/16,Standard Class,BS-11365,Bill Shonely,Corporate,United States,Lakewood,New Jersey,8701,East,TEC-MA-10001047,Technology,Machines,"3D Systems Cube Printer, 2nd Generation, Magenta",9099.93,7,0,2365.9818
US-2016-107440,4/16/16,4/20/16,Standard Class,BS-11365,Bill Shonely,Corporate,United States,Lakewood,New Jersey,8701,East,FUR-FU-10000550,Furniture,Furnishings,Stacking Trays by OIC,9.96,2,0,3.2868
US-2016-107440,4/16/16,4/20/16,Standard Class,BS-11365,Bill Shonely,Corporate,United States,Lakewood,New Jersey,8701,East,OFF-BI-10002432,Office Supplies,Binders,Wilson Jones Standard D-Ring Binders,25.3,5,0,11.891
US-2015-117184,5/17/15,5/21/15,Standard Class,ON-18715,Odella Nelson,Corporate,United States,Houston,Texas,77095,Central,OFF-BI-10002082,Office Supplies,Binders,GBC Twin Loop Wire Binding Elements,33.28,5,0.8,-49.92
US-2015-117184,5/17/15,5/21/15,Standard Class,ON-18715,Odella Nelson,Corporate,United States,Houston,Texas,77095,Central,OFF-PA-10002250,Office Supplies,Paper,Things To Do Today Pad,14.088,3,0.2,4.9308
US-2017-136189,12/7/17,12/11/17,Standard Class,DC-13285,Debra Catini,Consumer,United States,Richmond,Virginia,23223,South,FUR-FU-10000175,Furniture,Furnishings,DAX Wood Document Frame.,82.38,6,0,25.5378
US-2015-147662,2/14/15,2/19/15,Standard Class,KB-16315,Karl Braun,Consumer,United States,Akron,Ohio,44312,East,OFF-BI-10001658,Office Supplies,Binders,GBC Standard Therm-A-Bind Covers,14.952,2,0.7,-11.9616
US-2015-147662,2/14/15,2/19/15,Standard Class,KB-16315,Karl Braun,Consumer,United States,Akron,Ohio,44312,East,TEC-PH-10002834,Technology,Phones,Google Nexus 5,323.982,3,0.4,-80.9955
US-2015-147662,2/14/15,2/19/15,Standard Class,KB-16315,Karl Braun,Consumer,United States,Akron,Ohio,44312,East,OFF-BI-10002160,Office Supplies,Binders,Acco Hanging Data Binders,2.286,2,0.7,-1.6764
US-2015-147662,2/14/15,2/19/15,Standard Class,KB-16315,Karl Braun,Consumer,United States,Akron,Ohio,44312,East,OFF-AR-10004999,Office Supplies,Art,Newell 315,14.352,3,0.2,0.897
US-2015-147662,2/14/15,2/19/15,Standard Class,KB-16315,Karl Braun,Consumer,United States,Akron,Ohio,44312,East,TEC-AC-10003280,Technology,Accessories,Belkin F8E887 USB Wired Ergonomic Keyboard,71.976,3,0.2,0.8997
US-2014-129609,3/22/14,3/22/14,Same Day,VM-21835,Vivian Mathis,Consumer,United States,Portage,Indiana,46368,Central,OFF-AR-10003478,Office Supplies,Art,"Avery Hi-Liter EverBold Pen Style Fluorescent Highlighters, 4/Pack",16.28,2,0,6.512
US-2017-100482,4/11/17,4/15/17,Standard Class,JL-15130,Jack Lebron,Consumer,United States,Lancaster,Ohio,43130,East,OFF-ST-10001325,Office Supplies,Storage,Sterilite Officeware Hinged File Box,16.768,2,0.2,1.4672
US-2017-100482,4/11/17,4/15/17,Standard Class,JL-15130,Jack Lebron,Consumer,United States,Lancaster,Ohio,43130,East,TEC-AC-10003441,Technology,Accessories,Kingston Digital DataTraveler 32GB USB 2.0,27.12,2,0.2,-4.746
US-2017-163195,2/17/17,2/21/17,Second Class,LL-16840,Lauren Leatherbury,Consumer,United States,Lafayette,Louisiana,70506,South,TEC-PH-10003875,Technology,Phones,KLD Oscar II Style Snap-on Ultra Thin Side Flip Synthetic Leather Cover Case for HTC One HTC M7,29.16,3,0,8.4564
US-2016-165078,11/5/16,11/10/16,Standard Class,MA-17995,Michelle Arnett,Home Office,United States,Lawrence,Indiana,46226,Central,OFF-BI-10001989,Office Supplies,Binders,Premium Transparent Presentation Covers by GBC,104.9,5,0,50.352
US-2016-165078,11/5/16,11/10/16,Standard Class,MA-17995,Michelle Arnett,Home Office,United States,Lawrence,Indiana,46226,Central,OFF-AR-10002987,Office Supplies,Art,Prismacolor Color Pencil Set,39.68,2,0,16.2688
US-2016-165078,11/5/16,11/10/16,Standard Class,MA-17995,Michelle Arnett,Home Office,United States,Lawrence,Indiana,46226,Central,OFF-LA-10000414,Office Supplies,Labels,Avery 503,51.75,5,0,24.84
US-2017-169320,7/23/17,7/25/17,Second Class,LH-16900,Lena Hernandez,Consumer,United States,Elkhart,Indiana,46514,Central,OFF-AR-10003602,Office Supplies,Art,"Quartet Omega Colored Chalk, 12/Pack",11.68,2,0,5.4896
US-2017-169320,7/23/17,7/25/17,Second Class,LH-16900,Lena Hernandez,Consumer,United States,Elkhart,Indiana,46514,Central,TEC-AC-10002550,Technology,Accessories,"Memorex 25GB 6X Branded Blu-Ray Recordable Disc, 30/Pack",159.75,5,0,11.1825
US-2015-122784,7/20/15,7/27/15,Standard Class,RA-19915,Russell Applegate,Consumer,United States,Highland Park,Illinois,60035,Central,OFF-BI-10000546,Office Supplies,Binders,Avery Durable Binders,2.88,5,0.8,-4.464
US-2015-122784,7/20/15,7/27/15,Standard Class,RA-19915,Russell Applegate,Consumer,United States,Highland Park,Illinois,60035,Central,FUR-BO-10004690,Furniture,Bookcases,O'Sullivan Cherrywood Estates Traditional Barrister Bookcase,384.944,4,0.3,-126.4816
US-2015-122784,7/20/15,7/27/15,Standard Class,RA-19915,Russell Applegate,Consumer,United States,Highland Park,Illinois,60035,Central,TEC-PH-10001557,Technology,Phones,Pyle PMP37LED,153.584,2,0.2,13.4386
US-2015-122784,7/20/15,7/27/15,Standard Class,RA-19915,Russell Applegate,Consumer,United States,Highland Park,Illinois,60035,Central,FUR-BO-10002545,Furniture,Bookcases,"Atlantic Metals Mobile 3-Shelf Bookcases, Custom Colors",913.43,5,0.3,-52.196
US-2014-138758,7/7/14,7/11/14,Standard Class,JL-15835,John Lee,Consumer,United States,Philadelphia,Pennsylvania,19120,East,FUR-CH-10002880,Furniture,Chairs,"Global High-Back Leather Tilter, Burgundy",172.186,2,0.3,-46.7362
US-2014-138758,7/7/14,7/11/14,Standard Class,JL-15835,John Lee,Consumer,United States,Philadelphia,Pennsylvania,19120,East,FUR-FU-10003039,Furniture,Furnishings,"Howard Miller 11-1/2"" Diameter Grantwood Wall Clock",69.008,2,0.2,12.0764
US-2014-154879,5/6/14,5/11/14,Standard Class,SN-20710,Steve Nguyen,Home Office,United States,Los Angeles,California,90004,West,OFF-LA-10004425,Office Supplies,Labels,Staple-on labels,5.78,2,0,2.7166
US-2014-154879,5/6/14,5/11/14,Standard Class,SN-20710,Steve Nguyen,Home Office,United States,Los Angeles,California,90004,West,OFF-AR-10001897,Office Supplies,Art,Model L Table or Wall-Mount Pencil Sharpener,107.94,6,0,30.2232
US-2017-103226,9/22/17,9/28/17,Standard Class,DW-13195,David Wiener,Corporate,United States,Albuquerque,New Mexico,87105,West,OFF-PA-10002666,Office Supplies,Paper,Southworth 25% Cotton Linen-Finish Paper & Envelopes,27.18,3,0,12.231
US-2016-111290,7/22/16,7/26/16,Standard Class,DK-13375,Dennis Kane,Consumer,United States,Westland,Michigan,48185,Central,TEC-AC-10004975,Technology,Accessories,Plantronics Audio 995 Wireless Stereo Headset,109.95,1,0,36.2835
US-2016-111290,7/22/16,7/26/16,Standard Class,DK-13375,Dennis Kane,Consumer,United States,Westland,Michigan,48185,Central,OFF-ST-10001932,Office Supplies,Storage,Fellowes Staxonsteel Drawer Files,965.85,5,0,135.219
US-2016-111290,7/22/16,7/26/16,Standard Class,DK-13375,Dennis Kane,Consumer,United States,Westland,Michigan,48185,Central,OFF-AR-10001761,Office Supplies,Art,Avery Hi-Liter Smear-Safe Highlighters,29.2,5,0,10.512
US-2016-111290,7/22/16,7/26/16,Standard Class,DK-13375,Dennis Kane,Consumer,United States,Westland,Michigan,48185,Central,OFF-PA-10002262,Office Supplies,Paper,Xerox 192,32.4,5,0,15.552
US-2014-147704,11/16/14,11/21/14,Standard Class,SR-20740,Steven Roelle,Home Office,United States,Bloomington,Indiana,47401,Central,OFF-EN-10004483,Office Supplies,Envelopes,"#10 White Business Envelopes,4 1/8 x 9 1/2",78.35,5,0,36.8245
US-2014-147704,11/16/14,11/21/14,Standard Class,SR-20740,Steven Roelle,Home Office,United States,Bloomington,Indiana,47401,Central,OFF-PA-10003270,Office Supplies,Paper,Xerox 1954,31.68,6,0,14.256
US-2014-147704,11/16/14,11/21/14,Standard Class,SR-20740,Steven Roelle,Home Office,United States,Bloomington,Indiana,47401,Central,OFF-BI-10001634,Office Supplies,Binders,Wilson Jones Active Use Binders,29.12,4,0,14.2688
US-2014-147704,11/16/14,11/21/14,Standard Class,SR-20740,Steven Roelle,Home Office,United States,Bloomington,Indiana,47401,Central,OFF-ST-10000675,Office Supplies,Storage,"File Shuttle II and Handi-File, Black",169.45,5,0,42.3625
US-2015-146745,9/3/15,9/8/15,Standard Class,AS-10630,Ann Steele,Home Office,United States,San Francisco,California,94110,West,FUR-CH-10002372,Furniture,Chairs,Office Star - Ergonomically Designed Knee Chair,129.568,2,0.2,-12.9568
US-2015-146745,9/3/15,9/8/15,Standard Class,AS-10630,Ann Steele,Home Office,United States,San Francisco,California,94110,West,OFF-BI-10003274,Office Supplies,Binders,"Avery Durable Slant Ring Binders, No Labels",6.368,2,0.2,2.1492
US-2017-125717,9/28/17,10/1/17,First Class,DS-13030,Darrin Sayre,Home Office,United States,Aurora,Colorado,80013,West,FUR-FU-10001979,Furniture,Furnishings,Dana Halogen Swing-Arm Architect Lamp,32.776,1,0.2,3.2776
US-2017-125717,9/28/17,10/1/17,First Class,DS-13030,Darrin Sayre,Home Office,United States,Aurora,Colorado,80013,West,OFF-ST-10001522,Office Supplies,Storage,"Gould Plastics 18-Pocket Panel Bin, 34w x 5-1/4d x 20-1/2h",147.184,2,0.2,-29.4368
US-2017-125717,9/28/17,10/1/17,First Class,DS-13030,Darrin Sayre,Home Office,United States,Aurora,Colorado,80013,West,TEC-AC-10003657,Technology,Accessories,Lenovo 17-Key USB Numeric Keypad,54.384,2,0.2,1.3596
US-2017-125717,9/28/17,10/1/17,First Class,DS-13030,Darrin Sayre,Home Office,United States,Aurora,Colorado,80013,West,OFF-BI-10001718,Office Supplies,Binders,GBC DocuBind P50 Personal Binding Machine,76.776,4,0.7,-58.8616
US-2017-125717,9/28/17,10/1/17,First Class,DS-13030,Darrin Sayre,Home Office,United States,Aurora,Colorado,80013,West,OFF-PA-10003022,Office Supplies,Paper,Xerox 1992,14.352,3,0.2,5.2026
US-2017-125717,9/28/17,10/1/17,First Class,DS-13030,Darrin Sayre,Home Office,United States,Aurora,Colorado,80013,West,OFF-AP-10000891,Office Supplies,Appliances,Kensington 7 Outlet MasterPiece HOMEOFFICE Power Control Center,209.792,2,0.2,26.224
US-2014-138247,12/24/14,12/29/14,Standard Class,BF-11170,Ben Ferrer,Home Office,United States,Los Angeles,California,90045,West,TEC-PH-10000213,Technology,Phones,Seidio BD2-HK3IPH5-BK DILEX Case and Holster Combo for Apple iPhone 5/5s - Black,173.656,7,0.2,17.3656
US-2014-138247,12/24/14,12/29/14,Standard Class,BF-11170,Ben Ferrer,Home Office,United States,Los Angeles,California,90045,West,OFF-AP-10000828,Office Supplies,Appliances,Avanti 4.4 Cu. Ft. Refrigerator,361.96,2,0,101.3488
US-2014-138247,12/24/14,12/29/14,Standard Class,BF-11170,Ben Ferrer,Home Office,United States,Los Angeles,California,90045,West,TEC-AC-10004708,Technology,Accessories,Sony 32GB Class 10 Micro SDHC R40 Memory Card,62.85,3,0,13.1985
US-2014-138247,12/24/14,12/29/14,Standard Class,BF-11170,Ben Ferrer,Home Office,United States,Los Angeles,California,90045,West,TEC-PH-10001530,Technology,Phones,Cisco Unified IP Phone 7945G VoIP phone,818.376,3,0.2,51.1485
US-2014-138247,12/24/14,12/29/14,Standard Class,BF-11170,Ben Ferrer,Home Office,United States,Los Angeles,California,90045,West,OFF-ST-10002301,Office Supplies,Storage,Tennsco Commercial Shelving,20.34,1,0,0.2034
US-2014-138247,12/24/14,12/29/14,Standard Class,BF-11170,Ben Ferrer,Home Office,United States,Los Angeles,California,90045,West,FUR-FU-10002554,Furniture,Furnishings,"Westinghouse Floor Lamp with Metal Mesh Shade, Black",23.99,1,0,5.5177
US-2017-111920,10/22/17,10/26/17,Standard Class,PS-18970,Paul Stevenson,Home Office,United States,Tulsa,Oklahoma,74133,Central,OFF-AR-10003179,Office Supplies,Art,Dixon Ticonderoga Core-Lock Colored Pencils,36.44,4,0,12.0252
US-2016-128678,9/15/16,9/20/16,Standard Class,RB-19570,Rob Beeghly,Consumer,United States,Seattle,Washington,98105,West,OFF-PA-10000807,Office Supplies,Paper,"TOPS ""Important Message"" Pads, Canary, 4-1/4 x 5-1/2, 50 Sheets per Pad",21.4,5,0,10.058
US-2016-128678,9/15/16,9/20/16,Standard Class,RB-19570,Rob Beeghly,Consumer,United States,Seattle,Washington,98105,West,OFF-BI-10002103,Office Supplies,Binders,"Cardinal Slant-D Ring Binder, Heavy Gauge Vinyl",48.664,7,0.2,15.8158
US-2017-105046,7/17/17,7/23/17,Standard Class,BE-11335,Bill Eplett,Home Office,United States,Rome,New York,13440,East,TEC-PH-10004536,Technology,Phones,Avaya 5420 Digital phone,269.98,2,0,67.495
US-2017-105046,7/17/17,7/23/17,Standard Class,BE-11335,Bill Eplett,Home Office,United States,Rome,New York,13440,East,OFF-PA-10004353,Office Supplies,Paper,Southworth 25% Cotton Premium Laser Paper and Envelopes,99.9,5,0,47.952
US-2017-105046,7/17/17,7/23/17,Standard Class,BE-11335,Bill Eplett,Home Office,United States,Rome,New York,13440,East,FUR-FU-10004848,Furniture,Furnishings,DAX Solid Wood Frames,39.08,4,0,14.4596
US-2017-132206,6/16/17,6/21/17,Standard Class,MK-17905,Michael Kennedy,Corporate,United States,Chicago,Illinois,60653,Central,OFF-BI-10000756,Office Supplies,Binders,Storex DuraTech Recycled Plastic Frosted Binders,5.936,7,0.8,-8.904
US-2017-107636,4/30/17,5/2/17,First Class,NM-18520,Neoma Murray,Consumer,United States,Manchester,Connecticut,6040,East,OFF-LA-10003388,Office Supplies,Labels,Avery 5,5.76,2,0,2.8224
US-2014-165862,7/13/14,7/17/14,Standard Class,GK-14620,Grace Kelly,Corporate,United States,Los Angeles,California,90049,West,FUR-TA-10002855,Furniture,Tables,Bevis Round Conference Table Top & Single Column Base,351.216,3,0.2,4.3902
US-2014-106334,12/27/14,1/2/15,Standard Class,JF-15490,Jeremy Farry,Consumer,United States,San Francisco,California,94122,West,FUR-CH-10004886,Furniture,Chairs,Bevis Steel Folding Chairs,230.28,3,0.2,23.028
US-2014-106334,12/27/14,1/2/15,Standard Class,JF-15490,Jeremy Farry,Consumer,United States,San Francisco,California,94122,West,OFF-PA-10003657,Office Supplies,Paper,Xerox 1927,12.84,3,0,5.778
US-2017-117331,10/21/17,10/28/17,Standard Class,ND-18370,Natalie DeCherney,Consumer,United States,Glendale,Arizona,85301,West,OFF-BI-10003984,Office Supplies,Binders,Lock-Up Easel 'Spel-Binder',8.559,1,0.7,-6.5619
US-2017-149510,12/3/17,12/10/17,Standard Class,MC-17575,Matt Collins,Consumer,United States,Fayetteville,North Carolina,28314,South,OFF-AP-10002350,Office Supplies,Appliances,Belkin F9H710-06 7 Outlet SurgeMaster Surge Protector,45.216,3,0.2,4.5216
US-2017-149510,12/3/17,12/10/17,Standard Class,MC-17575,Matt Collins,Consumer,United States,Fayetteville,North Carolina,28314,South,OFF-BI-10004233,Office Supplies,Binders,"GBC Pre-Punched Binding Paper, Plastic, White, 8-1/2"" x 11""",28.782,6,0.7,-21.1068
US-2017-149510,12/3/17,12/10/17,Standard Class,MC-17575,Matt Collins,Consumer,United States,Fayetteville,North Carolina,28314,South,OFF-PA-10001892,Office Supplies,Paper,"Rediform Wirebound ""Phone Memo"" Message Book, 11 x 5-3/4",24.448,4,0.2,8.8624
US-2015-152128,5/25/15,5/27/15,Second Class,NM-18445,Nathan Mautz,Home Office,United States,Wichita,Kansas,67212,Central,OFF-AR-10002445,Office Supplies,Art,SANFORD Major Accent Highlighters,21.24,3,0,8.0712
US-2015-152128,5/25/15,5/27/15,Second Class,NM-18445,Nathan Mautz,Home Office,United States,Wichita,Kansas,67212,Central,OFF-BI-10001718,Office Supplies,Binders,GBC DocuBind P50 Personal Binding Machine,127.96,2,0,60.1412
US-2014-121734,4/11/14,4/16/14,Standard Class,SE-20110,Sanjit Engle,Consumer,United States,Lewiston,Idaho,83501,West,OFF-BI-10004817,Office Supplies,Binders,GBC Personal VeloBind Strips,9.584,1,0.2,3.3544
US-2014-150126,7/27/14,8/2/14,Standard Class,AS-10045,Aaron Smayling,Corporate,United States,New York City,New York,10035,East,OFF-PA-10002709,Office Supplies,Paper,Xerox 1956,65.78,11,0,32.2322
US-2016-100405,8/26/16,8/28/16,Second Class,TS-21430,Tom Stivers,Corporate,United States,Los Angeles,California,90045,West,OFF-AR-10000390,Office Supplies,Art,Newell Chalk Holder,8.26,2,0,3.7996
US-2017-163790,11/2/17,11/4/17,Second Class,NL-18310,Nancy Lomonaco,Home Office,United States,Danville,California,94526,West,OFF-EN-10001335,Office Supplies,Envelopes,"White Business Envelopes with Contemporary Seam, Recycled White Business Envelopes",76.58,7,0,38.29
US-2017-163790,11/2/17,11/4/17,Second Class,NL-18310,Nancy Lomonaco,Home Office,United States,Danville,California,94526,West,OFF-AR-10003469,Office Supplies,Art,Nontoxic Chalk,8.8,5,0,4.224
US-2017-163790,11/2/17,11/4/17,Second Class,NL-18310,Nancy Lomonaco,Home Office,United States,Danville,California,94526,West,OFF-BI-10003718,Office Supplies,Binders,GBC Therma-A-Bind 250T Electric Binding System,590.352,6,0.2,206.6232
US-2017-163790,11/2/17,11/4/17,Second Class,NL-18310,Nancy Lomonaco,Home Office,United States,Danville,California,94526,West,OFF-FA-10004838,Office Supplies,Fasteners,"Super Bands, 12/Pack",5.58,3,0,0.1674
US-2017-163790,11/2/17,11/4/17,Second Class,NL-18310,Nancy Lomonaco,Home Office,United States,Danville,California,94526,West,FUR-FU-10002508,Furniture,Furnishings,Document Clip Frames,25.02,3,0,10.5084
US-2017-163790,11/2/17,11/4/17,Second Class,NL-18310,Nancy Lomonaco,Home Office,United States,Danville,California,94526,West,OFF-ST-10001511,Office Supplies,Storage,Space Solutions Commercial Steel Shelving,452.55,7,0,22.6275
US-2017-169502,8/28/17,9/1/17,Standard Class,MG-17650,Matthew Grinstein,Home Office,United States,Milwaukee,Wisconsin,53209,Central,OFF-SU-10004115,Office Supplies,Supplies,Acme Stainless Steel Office Snips,21.81,3,0,5.8887
US-2017-169502,8/28/17,9/1/17,Standard Class,MG-17650,Matthew Grinstein,Home Office,United States,Milwaukee,Wisconsin,53209,Central,OFF-AP-10001947,Office Supplies,Appliances,Acco 6 Outlet Guardian Premium Plus Surge Suppressor,91.6,5,0,26.564
US-2015-113327,5/26/15,5/29/15,Second Class,BF-11170,Ben Ferrer,Home Office,United States,Jacksonville,North Carolina,28540,South,OFF-PA-10003790,Office Supplies,Paper,Xerox 1991,18.272,1,0.2,5.9384
US-2015-113327,5/26/15,5/29/15,Second Class,BF-11170,Ben Ferrer,Home Office,United States,Jacksonville,North Carolina,28540,South,OFF-PA-10003134,Office Supplies,Paper,Xerox 1937,153.728,4,0.2,53.8048
US-2015-113327,5/26/15,5/29/15,Second Class,BF-11170,Ben Ferrer,Home Office,United States,Jacksonville,North Carolina,28540,South,OFF-EN-10004459,Office Supplies,Envelopes,Security-Tint Envelopes,12.224,2,0.2,4.4312
US-2015-113327,5/26/15,5/29/15,Second Class,BF-11170,Ben Ferrer,Home Office,United States,Jacksonville,North Carolina,28540,South,TEC-AC-10003628,Technology,Accessories,Logitech 910-002974 M325 Wireless Mouse for Web Scrolling,167.944,7,0.2,50.3832
US-2017-141852,11/9/17,11/14/17,Standard Class,JE-15745,Joel Eaton,Consumer,United States,Oceanside,California,92054,West,FUR-FU-10000023,Furniture,Furnishings,Eldon Wave Desk Accessories,47.12,8,0,20.7328
US-2017-165953,12/31/16,1/6/17,Standard Class,EP-13915,Emily Phan,Consumer,United States,Jacksonville,Florida,32216,South,OFF-AR-10000588,Office Supplies,Art,Newell 345,47.616,3,0.2,3.5712
US-2017-165953,12/31/16,1/6/17,Standard Class,EP-13915,Emily Phan,Consumer,United States,Jacksonville,Florida,32216,South,OFF-PA-10002250,Office Supplies,Paper,Things To Do Today Pad,23.48,5,0.2,8.218
US-2015-126235,10/15/15,10/15/15,Same Day,GA-14725,Guy Armstrong,Consumer,United States,Mount Pleasant,Michigan,48858,Central,FUR-FU-10000719,Furniture,Furnishings,"DAX Cubicle Frames, 8-1/2 x 11",17.14,2,0,6.1704
US-2017-133200,5/6/17,5/11/17,Standard Class,DB-13555,Dorothy Badders,Corporate,United States,Fort Worth,Texas,76106,Central,OFF-BI-10002827,Office Supplies,Binders,Avery Durable Poly Binders,11.06,10,0.8,-18.802
US-2017-133200,5/6/17,5/11/17,Standard Class,DB-13555,Dorothy Badders,Corporate,United States,Fort Worth,Texas,76106,Central,FUR-BO-10001601,Furniture,Bookcases,"Sauder Mission Library with Doors, Fruitwood Finish",623.4648,7,0.32,-119.1918
US-2017-133200,5/6/17,5/11/17,Standard Class,DB-13555,Dorothy Badders,Corporate,United States,Fort Worth,Texas,76106,Central,OFF-ST-10001932,Office Supplies,Storage,Fellowes Staxonsteel Drawer Files,772.68,5,0.2,-57.951
US-2017-154851,3/30/17,4/3/17,Standard Class,BP-11155,Becky Pak,Consumer,United States,Lancaster,Pennsylvania,17602,East,OFF-BI-10001525,Office Supplies,Binders,"Acco Pressboard Covers with Storage Hooks, 14 7/8"" x 11"", Executive Red",5.715,5,0.7,-4.7625
US-2015-138121,12/17/15,12/17/15,Same Day,JL-15835,John Lee,Consumer,United States,Detroit,Michigan,48205,Central,OFF-BI-10000320,Office Supplies,Binders,GBC Plastic Binding Combs,29.52,4,0,14.4648
US-2015-138121,12/17/15,12/17/15,Same Day,JL-15835,John Lee,Consumer,United States,Detroit,Michigan,48205,Central,FUR-CH-10003846,Furniture,Chairs,Hon Valutask Swivel Chairs,302.94,3,0,48.4704
US-2015-138121,12/17/15,12/17/15,Same Day,JL-15835,John Lee,Consumer,United States,Detroit,Michigan,48205,Central,FUR-CH-10004875,Furniture,Chairs,Harbour Creations 67200 Series Stacking Chairs,142.36,2,0,38.4372
US-2015-138121,12/17/15,12/17/15,Same Day,JL-15835,John Lee,Consumer,United States,Detroit,Michigan,48205,Central,FUR-CH-10003817,Furniture,Chairs,"Global Value Steno Chair, Gray",546.66,9,0,136.665
US-2015-138121,12/17/15,12/17/15,Same Day,JL-15835,John Lee,Consumer,United States,Detroit,Michigan,48205,Central,FUR-FU-10002116,Furniture,Furnishings,"Tenex Carpeted, Granite-Look or Clear Contemporary Contour Shape Chair Mats",212.13,3,0,14.8491
US-2015-122910,5/12/15,5/16/15,Standard Class,LT-16765,Larry Tron,Consumer,United States,Louisville,Colorado,80027,West,TEC-PH-10000441,Technology,Phones,VTech DS6151,201.584,2,0.2,20.1584
US-2017-135230,9/1/17,9/7/17,Standard Class,CK-12325,Christine Kargatis,Home Office,United States,Seattle,Washington,98103,West,OFF-AR-10001166,Office Supplies,Art,Staples in misc. colors,7.58,1,0,2.9562
US-2015-103996,3/29/15,3/31/15,Second Class,RB-19435,Richard Bierner,Consumer,United States,San Diego,California,92105,West,OFF-PA-10001736,Office Supplies,Paper,Xerox 1880,212.64,6,0,99.9408
US-2015-103996,3/29/15,3/31/15,Second Class,RB-19435,Richard Bierner,Consumer,United States,San Diego,California,92105,West,OFF-PA-10001609,Office Supplies,Paper,Tops Wirebound Message Log Books,9.87,3,0,4.5402
US-2015-103996,3/29/15,3/31/15,Second Class,RB-19435,Richard Bierner,Consumer,United States,San Diego,California,92105,West,TEC-AC-10003116,Technology,Accessories,Memorex Froggy Flash Drive 8 GB,53.25,3,0,20.7675
US-2015-103996,3/29/15,3/31/15,Second Class,RB-19435,Richard Bierner,Consumer,United States,San Diego,California,92105,West,FUR-FU-10004586,Furniture,Furnishings,G.E. Longer-Life Indoor Recessed Floodlight Bulbs,19.92,3,0,9.5616
US-2015-167220,12/12/15,12/16/15,Standard Class,JB-15925,Joni Blumstein,Consumer,United States,Austin,Texas,78745,Central,TEC-AC-10002018,Technology,Accessories,AmazonBasics 3-Button USB Wired Mouse,22.368,4,0.2,6.4308
US-2017-144582,4/30/17,5/5/17,Standard Class,TC-21475,Tony Chapman,Home Office,United States,Danville,Illinois,61832,Central,OFF-BI-10001575,Office Supplies,Binders,GBC Linen Binding Covers,43.372,7,0.8,-69.3952
US-2016-114888,9/19/16,9/24/16,Second Class,CC-12430,Chuck Clark,Home Office,United States,San Francisco,California,94109,West,OFF-BI-10003355,Office Supplies,Binders,Cardinal Holdit Business Card Pockets,11.952,3,0.2,4.1832
US-2016-114888,9/19/16,9/24/16,Second Class,CC-12430,Chuck Clark,Home Office,United States,San Francisco,California,94109,West,OFF-SU-10001212,Office Supplies,Supplies,Kleencut Forged Office Shears by Acme United Corporation,6.24,3,0,1.872
US-2014-167262,10/31/14,11/3/14,Second Class,AC-10450,Amy Cox,Consumer,United States,Avondale,Arizona,85323,West,TEC-PH-10000486,Technology,Phones,Plantronics HL10 Handset Lifter,742.336,8,0.2,83.5128
US-2017-147984,1/28/17,2/1/17,Standard Class,GB-14575,Giulietta Baptist,Consumer,United States,Wichita,Kansas,67212,Central,OFF-PA-10000806,Office Supplies,Paper,Xerox 1934,279.9,5,0,137.151
US-2015-141684,6/29/15,7/4/15,Standard Class,MM-18055,Michelle Moray,Consumer,United States,New York City,New York,10011,East,OFF-PA-10002870,Office Supplies,Paper,"Ampad Phone Message Book, Recycled, 400 Message Capacity, 5 ¾” x 11”",24.96,4,0,11.232
US-2016-148901,5/14/16,5/19/16,Standard Class,MK-17905,Michael Kennedy,Corporate,United States,Jacksonville,Florida,32216,South,OFF-BI-10001718,Office Supplies,Binders,GBC DocuBind P50 Personal Binding Machine,57.582,3,0.7,-44.1462
US-2016-148901,5/14/16,5/19/16,Standard Class,MK-17905,Michael Kennedy,Corporate,United States,Jacksonville,Florida,32216,South,OFF-PA-10004983,Office Supplies,Paper,Xerox 23,31.104,6,0.2,10.8864
US-2016-148901,5/14/16,5/19/16,Standard Class,MK-17905,Michael Kennedy,Corporate,United States,Jacksonville,Florida,32216,South,FUR-FU-10002396,Furniture,Furnishings,"DAX Copper Panel Document Frame, 5 x 7 Size",30.192,3,0.2,8.3028
US-2016-148901,5/14/16,5/19/16,Standard Class,MK-17905,Michael Kennedy,Corporate,United States,Jacksonville,Florida,32216,South,TEC-PH-10003988,Technology,Phones,"LF Elite 3D Dazzle Designer Hard Case Cover, Lf Stylus Pen and Wiper For Apple Iphone 5c Mini Lite",43.6,5,0.2,4.36
US-2016-148901,5/14/16,5/19/16,Standard Class,MK-17905,Michael Kennedy,Corporate,United States,Jacksonville,Florida,32216,South,OFF-AR-10002467,Office Supplies,Art,Dixon Ticonderoga Pencils,4.768,2,0.2,0.4172
US-2016-148901,5/14/16,5/19/16,Standard Class,MK-17905,Michael Kennedy,Corporate,United States,Jacksonville,Florida,32216,South,OFF-BI-10004002,Office Supplies,Binders,Wilson Jones International Size A4 Ring Binders,10.38,2,0.7,-7.612
US-2016-148901,5/14/16,5/19/16,Standard Class,MK-17905,Michael Kennedy,Corporate,United States,Jacksonville,Florida,32216,South,OFF-BI-10002309,Office Supplies,Binders,Avery Heavy-Duty EZD  Binder With Locking Rings,13.392,8,0.7,-9.8208
US-2017-136707,11/12/17,11/15/17,First Class,JE-15610,Jim Epp,Corporate,United States,Los Angeles,California,90036,West,OFF-BI-10003460,Office Supplies,Binders,Acco 3-Hole Punch,14.016,4,0.2,4.9056
US-2016-139388,11/7/16,11/9/16,First Class,CC-12475,Cindy Chapman,Consumer,United States,Lakewood,New Jersey,8701,East,OFF-FA-10004968,Office Supplies,Fasteners,Rubber Band Ball,14.96,4,0,0.2992
US-2014-128685,4/4/14,4/5/14,First Class,MZ-17515,Mary Zewe,Corporate,United States,Los Angeles,California,90008,West,OFF-BI-10004140,Office Supplies,Binders,Avery Non-Stick Binders,7.184,2,0.2,2.245
US-2014-155817,10/3/14,10/9/14,Standard Class,SL-20155,Sara Luxemburg,Home Office,United States,Durham,North Carolina,27707,South,OFF-ST-10000532,Office Supplies,Storage,Advantus Rolling Drawer Organizers,61.568,2,0.2,4.6176
US-2014-155817,10/3/14,10/9/14,Standard Class,SL-20155,Sara Luxemburg,Home Office,United States,Durham,North Carolina,27707,South,OFF-AR-10002335,Office Supplies,Art,DIXON Oriole Pencils,6.192,3,0.2,0.4644
US-2016-131891,7/29/16,7/31/16,First Class,PW-19240,Pierre Wener,Consumer,United States,Pensacola,Florida,32503,South,OFF-BI-10000201,Office Supplies,Binders,"Avery Triangle Shaped Sheet Lifters, Black, 2/Pack",2.214,3,0.7,-1.476
US-2014-122021,10/15/14,10/17/14,First Class,AC-10660,Anna Chung,Consumer,United States,Parma,Ohio,44134,East,FUR-CH-10003761,Furniture,Chairs,Global Italian Leather Office Chair,183.372,2,0.3,-7.8588
US-2014-122021,10/15/14,10/17/14,First Class,AC-10660,Anna Chung,Consumer,United States,Parma,Ohio,44134,East,OFF-PA-10002230,Office Supplies,Paper,Xerox 1897,7.968,2,0.2,2.8884
US-2014-161613,12/1/14,12/3/14,Second Class,MC-17605,Matt Connell,Corporate,United States,Houston,Texas,77070,Central,FUR-CH-10003746,Furniture,Chairs,Hon 4070 Series Pagoda Round Back Stacking Chairs,674.058,3,0.3,-19.2588
US-2014-146353,10/14/14,10/16/14,Second Class,JE-15610,Jim Epp,Corporate,United States,Concord,New Hampshire,3301,East,OFF-BI-10003476,Office Supplies,Binders,Avery Metallic Poly Binders,22.92,4,0,11.0016
US-2014-146353,10/14/14,10/16/14,Second Class,JE-15610,Jim Epp,Corporate,United States,Concord,New Hampshire,3301,East,OFF-ST-10001469,Office Supplies,Storage,Fellowes Bankers Box Recycled Super Stor/Drawer,269.9,5,0,16.194
US-2014-138828,9/2/14,9/3/14,First Class,KD-16345,Katherine Ducich,Consumer,United States,New York City,New York,10009,East,OFF-AR-10000658,Office Supplies,Art,Newell 324,57.75,5,0,16.17
US-2014-138828,9/2/14,9/3/14,First Class,KD-16345,Katherine Ducich,Consumer,United States,New York City,New York,10009,East,OFF-PA-10000349,Office Supplies,Paper,Easy-staple paper,14.94,3,0,7.0218
US-2016-153815,11/6/16,11/9/16,First Class,KL-16555,Kelly Lampkin,Corporate,United States,Jacksonville,Florida,32216,South,FUR-CH-10000513,Furniture,Chairs,High-Back Leather Manager's Chair,207.984,2,0.2,-28.5978
US-2016-153815,11/6/16,11/9/16,First Class,KL-16555,Kelly Lampkin,Corporate,United States,Jacksonville,Florida,32216,South,OFF-PA-10002421,Office Supplies,Paper,Embossed Ink Jet Note Cards,36.112,2,0.2,12.6392
US-2016-153815,11/6/16,11/9/16,First Class,KL-16555,Kelly Lampkin,Corporate,United States,Jacksonville,Florida,32216,South,FUR-FU-10004090,Furniture,Furnishings,"Executive Impressions 14"" Contract Wall Clock",35.568,2,0.2,5.7798
US-2016-153815,11/6/16,11/9/16,First Class,KL-16555,Kelly Lampkin,Corporate,United States,Jacksonville,Florida,32216,South,OFF-PA-10004071,Office Supplies,Paper,"Eaton Premium Continuous-Feed Paper, 25% Cotton, Letter Size, White, 1000 Shts/Box",88.768,2,0.2,31.0688
US-2016-131114,12/9/16,12/13/16,Second Class,RW-19630,Rob Williams,Corporate,United States,Chicago,Illinois,60610,Central,OFF-SU-10001664,Office Supplies,Supplies,Acme Office Executive Series Stainless Steel Trimmers,20.568,3,0.2,1.5426
US-2016-131114,12/9/16,12/13/16,Second Class,RW-19630,Rob Williams,Corporate,United States,Chicago,Illinois,60610,Central,OFF-AP-10003971,Office Supplies,Appliances,Belkin 6 Outlet Metallic Surge Strip,4.356,2,0.8,-11.7612
US-2016-131114,12/9/16,12/13/16,Second Class,RW-19630,Rob Williams,Corporate,United States,Chicago,Illinois,60610,Central,TEC-AC-10000199,Technology,Accessories,Kingston Digital DataTraveler 8GB USB 2.0,19.04,4,0.2,-1.428
US-2017-122714,12/7/17,12/13/17,Standard Class,HG-14965,Henry Goldwyn,Corporate,United States,Chicago,Illinois,60653,Central,OFF-BI-10001120,Office Supplies,Binders,Ibico EPK-21 Electric Binding System,1889.99,5,0.8,-2929.4845
US-2017-139647,5/11/17,5/13/17,First Class,TS-21370,Todd Sumrall,Corporate,United States,Phoenix,Arizona,85023,West,FUR-BO-10004467,Furniture,Bookcases,Bestar Classic Bookcase,209.979,7,0.7,-356.9643
US-2017-160465,7/21/17,7/26/17,Standard Class,SW-20350,Sean Wendt,Home Office,United States,Cleveland,Ohio,44105,East,OFF-BI-10001670,Office Supplies,Binders,Vinyl Sectional Post Binders,33.93,3,0.7,-22.62
US-2017-160465,7/21/17,7/26/17,Standard Class,SW-20350,Sean Wendt,Home Office,United States,Cleveland,Ohio,44105,East,OFF-ST-10000136,Office Supplies,Storage,Letter Size File,222.32,7,0.2,25.011
US-2017-160465,7/21/17,7/26/17,Standard Class,SW-20350,Sean Wendt,Home Office,United States,Cleveland,Ohio,44105,East,TEC-PH-10004522,Technology,Phones,Dexim XPower Skin Super-Thin Power Case for iPhone 5 - Black,210.564,6,0.4,-52.641
US-2017-130953,7/29/17,8/3/17,Standard Class,RF-19735,Roland Fjeld,Consumer,United States,Oklahoma City,Oklahoma,73120,Central,OFF-BI-10004828,Office Supplies,Binders,GBC Poly Designer Binding Covers,33.48,2,0,16.4052
US-2017-130953,7/29/17,8/3/17,Standard Class,RF-19735,Roland Fjeld,Consumer,United States,Oklahoma City,Oklahoma,73120,Central,TEC-PH-10003012,Technology,Phones,Nortel Meridian M3904 Professional Digital phone,461.97,3,0,133.9713
US-2017-130953,7/29/17,8/3/17,Standard Class,RF-19735,Roland Fjeld,Consumer,United States,Oklahoma City,Oklahoma,73120,Central,OFF-AP-10002311,Office Supplies,Appliances,"Holmes Replacement Filter for HEPA Air Cleaner, Very Large Room, HEPA Filter",137.62,2,0,60.5528
US-2017-130953,7/29/17,8/3/17,Standard Class,RF-19735,Roland Fjeld,Consumer,United States,Oklahoma City,Oklahoma,73120,Central,FUR-CH-10004626,Furniture,Chairs,Office Star Flex Back Scooter Chair with Aluminum Finish Frame,302.67,3,0,72.6408
US-2014-104759,3/31/14,4/4/14,Standard Class,DD-13570,Dorothy Dickinson,Consumer,United States,Chicago,Illinois,60610,Central,OFF-BI-10002071,Office Supplies,Binders,Fellowes Black Plastic Comb Bindings,8.134,7,0.8,-13.8278
US-2014-104759,3/31/14,4/4/14,Standard Class,DD-13570,Dorothy Dickinson,Consumer,United States,Chicago,Illinois,60610,Central,TEC-AC-10004901,Technology,Accessories,Kensington SlimBlade Notebook Wireless Mouse with Nano Receiver ,79.984,2,0.2,13.9972
US-2017-120607,5/19/17,5/19/17,Same Day,JC-15775,John Castell,Consumer,United States,Atlanta,Georgia,30318,South,OFF-PA-10003129,Office Supplies,Paper,Tops White Computer Printout Paper,195.64,4,0,91.9508
US-2017-133312,11/25/17,11/29/17,Standard Class,BD-11500,Bradley Drucker,Consumer,United States,San Francisco,California,94122,West,FUR-BO-10002213,Furniture,Bookcases,"Sauder Forest Hills Library, Woodland Oak Finish",359.499,3,0.15,-29.6058
US-2017-133312,11/25/17,11/29/17,Standard Class,BD-11500,Bradley Drucker,Consumer,United States,San Francisco,California,94122,West,OFF-ST-10001325,Office Supplies,Storage,Sterilite Officeware Hinged File Box,10.48,1,0,2.8296
US-2015-137533,12/18/15,12/18/15,Same Day,JK-15640,Jim Kriz,Home Office,United States,Cleveland,Ohio,44105,East,OFF-PA-10003441,Office Supplies,Paper,Xerox 226,20.736,4,0.2,7.2576
US-2014-140452,12/6/14,12/10/14,Standard Class,BK-11260,Berenike Kampe,Consumer,United States,Chicago,Illinois,60610,Central,OFF-AP-10004036,Office Supplies,Appliances,Bionaire 99.97% HEPA Air Cleaner,14.016,4,0.8,-31.536
US-2014-140452,12/6/14,12/10/14,Standard Class,BK-11260,Berenike Kampe,Consumer,United States,Chicago,Illinois,60610,Central,FUR-TA-10004086,Furniture,Tables,KI Adjustable-Height Table,214.95,5,0.5,-120.372
US-2014-140452,12/6/14,12/10/14,Standard Class,BK-11260,Berenike Kampe,Consumer,United States,Chicago,Illinois,60610,Central,TEC-PH-10000307,Technology,Phones,Shocksock Galaxy S4 Armband,35.04,4,0.2,-7.008
US-2014-140452,12/6/14,12/10/14,Standard Class,BK-11260,Berenike Kampe,Consumer,United States,Chicago,Illinois,60610,Central,FUR-FU-10002088,Furniture,Furnishings,Nu-Dell Float Frame 11 x 14 1/2,10.776,3,0.6,-4.8492
US-2014-140452,12/6/14,12/10/14,Standard Class,BK-11260,Berenike Kampe,Consumer,United States,Chicago,Illinois,60610,Central,OFF-BI-10004965,Office Supplies,Binders,Ibico Covers for Plastic or Wire Binding Elements,4.6,2,0.8,-8.05
US-2014-140452,12/6/14,12/10/14,Standard Class,BK-11260,Berenike Kampe,Consumer,United States,Chicago,Illinois,60610,Central,OFF-ST-10002485,Office Supplies,Storage,Rogers Deluxe File Chest,35.168,2,0.2,-8.3524
US-2014-121566,6/30/14,7/6/14,Standard Class,CS-11860,Cari Schnelling,Consumer,United States,New York City,New York,10011,East,OFF-BI-10004528,Office Supplies,Binders,Cardinal Poly Pocket Divider Pockets for Ring Binders,2.688,1,0.2,0.84
US-2014-121566,6/30/14,7/6/14,Standard Class,CS-11860,Cari Schnelling,Consumer,United States,New York City,New York,10011,East,OFF-AR-10001026,Office Supplies,Art,"Sanford Uni-Blazer View Highlighters, Chisel Tip, Yellow",6.6,3,0,2.904
US-2015-124219,8/7/15,8/8/15,First Class,KW-16570,Kelly Williams,Consumer,United States,Kirkwood,Missouri,63122,Central,OFF-BI-10002215,Office Supplies,Binders,"Wilson Jones Hanging View Binder, White, 1""",28.4,4,0,13.064
US-2015-124219,8/7/15,8/8/15,First Class,KW-16570,Kelly Williams,Consumer,United States,Kirkwood,Missouri,63122,Central,FUR-FU-10000305,Furniture,Furnishings,"Tenex V2T-RE Standard Weight Series Chair Mat, 45"" x 53"", Lip 25"" x 12""",212.94,3,0,34.0704
US-2015-120502,4/13/15,4/19/15,Standard Class,BT-11395,Bill Tyler,Corporate,United States,Los Angeles,California,90036,West,FUR-FU-10004973,Furniture,Furnishings,Flat Face Poster Frame,37.68,2,0,15.8256
US-2015-120502,4/13/15,4/19/15,Standard Class,BT-11395,Bill Tyler,Corporate,United States,Los Angeles,California,90036,West,TEC-PH-10003645,Technology,Phones,Aastra 57i VoIP phone,258.576,2,0.2,19.3932
US-2015-120502,4/13/15,4/19/15,Standard Class,BT-11395,Bill Tyler,Corporate,United States,Los Angeles,California,90036,West,OFF-AP-10004980,Office Supplies,Appliances,3M Replacement Filter for Office Air Cleaner for 20' x 33' Room,75.84,2,0,29.5776
US-2015-154389,11/27/15,12/3/15,Standard Class,EH-14125,Eugene Hildebrand,Home Office,United States,Philadelphia,Pennsylvania,19140,East,TEC-PH-10002789,Technology,Phones,LG Exalt,748.752,8,0.4,-162.2296
US-2017-136679,11/14/17,11/18/17,Standard Class,XP-21865,Xylona Preis,Consumer,United States,Pasadena,Texas,77506,Central,TEC-AC-10004855,Technology,Accessories,V7 USB Numeric Keypad,167.952,6,0.2,-27.2922
US-2017-136679,11/14/17,11/18/17,Standard Class,XP-21865,Xylona Preis,Consumer,United States,Pasadena,Texas,77506,Central,OFF-AR-10003582,Office Supplies,Art,"Boston Electric Pencil Sharpener, Model 1818, Charcoal Black",45.04,2,0.2,4.504
US-2017-141943,5/5/17,5/9/17,Standard Class,DK-12985,Darren Koutras,Consumer,United States,San Francisco,California,94122,West,OFF-EN-10003448,Office Supplies,Envelopes,"Peel & Seel Recycled Catalog Envelopes, Brown",23.16,2,0,11.58
US-2017-159562,9/9/17,9/15/17,Standard Class,JB-16000,Joy Bell-,Consumer,United States,Roseville,Michigan,48066,Central,OFF-EN-10000461,Office Supplies,Envelopes,"#10- 4 1/8"" x 9 1/2"" Recycled Envelopes",17.48,2,0,8.2156
US-2017-109582,9/12/17,9/17/17,Second Class,JM-15865,John Murray,Consumer,United States,Los Angeles,California,90036,West,OFF-PA-10004071,Office Supplies,Paper,"Eaton Premium Continuous-Feed Paper, 25% Cotton, Letter Size, White, 1000 Shts/Box",166.44,3,0,79.8912
US-2014-147648,11/26/14,12/1/14,Standard Class,LS-16975,Lindsay Shagiari,Home Office,United States,San Francisco,California,94109,West,OFF-PA-10001033,Office Supplies,Paper,Xerox 1893,81.98,2,0,40.1702
US-2015-168914,5/21/15,5/27/15,Standard Class,JE-15745,Joel Eaton,Consumer,United States,Frankfort,Illinois,60423,Central,OFF-AP-10000358,Office Supplies,Appliances,Fellowes Basic Home/Office Series Surge Protectors,20.768,8,0.8,-52.9584
US-2017-110989,11/3/17,11/5/17,Second Class,EJ-14155,Eva Jacobs,Consumer,United States,Seattle,Washington,98105,West,TEC-AC-10002345,Technology,Accessories,HP Standard 104 key PS/2 Keyboard,43.5,3,0,10.875
US-2016-169369,12/12/16,12/18/16,Standard Class,EC-14050,Erin Creighton,Consumer,United States,Columbus,Georgia,31907,South,TEC-AC-10001314,Technology,Accessories,Case Logic 2.4GHz Wireless Keyboard,249.95,5,0,19.996
US-2016-169369,12/12/16,12/18/16,Standard Class,EC-14050,Erin Creighton,Consumer,United States,Columbus,Georgia,31907,South,OFF-PA-10004438,Office Supplies,Paper,Xerox 1907,49.12,4,0,23.0864
US-2014-131982,3/7/14,3/11/14,Second Class,NP-18685,Nora Pelletier,Home Office,United States,Des Moines,Washington,98198,West,OFF-BI-10004224,Office Supplies,Binders,Catalog Binders with Expanding Posts,107.648,2,0.2,33.64
US-2017-114034,1/3/17,1/8/17,Standard Class,DL-13315,Delfina Latchford,Consumer,United States,Rancho Cucamonga,California,91730,West,OFF-PA-10004735,Office Supplies,Paper,Xerox 1905,38.88,6,0,18.6624
US-2017-115595,10/9/17,10/11/17,First Class,XP-21865,Xylona Preis,Consumer,United States,Los Angeles,California,90032,West,OFF-PA-10001745,Office Supplies,Paper,"Wirebound Message Books, 2 7/8"" x 5"", 3 Forms per Page",35.2,5,0,16.544
US-2017-114657,11/16/17,11/21/17,Standard Class,MH-18115,Mick Hernandez,Home Office,United States,Yonkers,New York,10701,East,TEC-MA-10003173,Technology,Machines,Hewlett-Packard 300S Scientific Calculator,52.44,4,0,24.1224
US-2016-158309,11/26/16,11/29/16,First Class,PA-19060,Pete Armstrong,Home Office,United States,Miami,Florida,33142,South,OFF-BI-10000145,Office Supplies,Binders,Zipper Ring Binder Pockets,3.744,4,0.7,-2.6208
US-2017-104094,9/7/17,9/11/17,Standard Class,AG-10675,Anna Gayman,Consumer,United States,Milwaukee,Wisconsin,53209,Central,TEC-AC-10002134,Technology,Accessories,Rosewill 107 Normal Keys USB Wired Standard Keyboard,13.48,1,0,1.8872
US-2017-136784,4/30/17,5/5/17,Standard Class,AD-10180,Alan Dominguez,Home Office,United States,San Francisco,California,94122,West,OFF-PA-10000675,Office Supplies,Paper,Xerox 1919,163.96,4,0,80.3404
US-2014-139500,11/16/14,11/20/14,Standard Class,AB-10165,Alan Barnes,Consumer,United States,Decatur,Illinois,62521,Central,FUR-CH-10002017,Furniture,Chairs,SAFCO Optional Arm Kit for Workspace Cribbage Stacking Chair,37.296,2,0.3,-1.0656
US-2014-166310,9/21/14,9/23/14,First Class,JS-15940,Joni Sundaresam,Home Office,United States,Garland,Texas,75043,Central,FUR-FU-10001546,Furniture,Furnishings,Dana Swing-Arm Lamps,8.544,2,0.6,-7.476
US-2016-168410,2/21/16,2/26/16,Standard Class,BV-11245,Benjamin Venier,Corporate,United States,Oceanside,New York,11572,East,FUR-FU-10000629,Furniture,Furnishings,9-3/4 Diameter Round Wall Clock,68.95,5,0,28.959
US-2016-168410,2/21/16,2/26/16,Standard Class,BV-11245,Benjamin Venier,Corporate,United States,Oceanside,New York,11572,East,OFF-ST-10000036,Office Supplies,Storage,"Recycled Data-Pak for Archival Bound Computer Printouts, 12-1/2 x 12-1/2 x 16",296.37,3,0,80.0199
US-2016-168410,2/21/16,2/26/16,Standard Class,BV-11245,Benjamin Venier,Corporate,United States,Oceanside,New York,11572,East,TEC-PH-10002583,Technology,Phones,iOttie HLCRIO102 Car Mount,39.98,2,0,1.999
US-2017-162558,10/2/17,10/5/17,First Class,Dp-13240,Dean percer,Home Office,United States,Knoxville,Tennessee,37918,South,FUR-FU-10002364,Furniture,Furnishings,"Eldon Expressions Wood Desk Accessories, Oak",11.808,2,0.2,1.3284
US-2017-162558,10/2/17,10/5/17,First Class,Dp-13240,Dean percer,Home Office,United States,Knoxville,Tennessee,37918,South,FUR-FU-10004864,Furniture,Furnishings,Eldon 500 Class Desk Accessories,9.656,1,0.2,1.5691
US-2017-162558,10/2/17,10/5/17,First Class,Dp-13240,Dean percer,Home Office,United States,Knoxville,Tennessee,37918,South,OFF-PA-10003172,Office Supplies,Paper,Xerox 1996,20.736,4,0.2,7.2576
US-2017-162558,10/2/17,10/5/17,First Class,Dp-13240,Dean percer,Home Office,United States,Knoxville,Tennessee,37918,South,OFF-BI-10000977,Office Supplies,Binders,Ibico Plastic Spiral Binding Combs,27.36,3,0.7,-21.888
US-2017-162558,10/2/17,10/5/17,First Class,Dp-13240,Dean percer,Home Office,United States,Knoxville,Tennessee,37918,South,FUR-TA-10000198,Furniture,Tables,Chromcraft Bull-Nose Wood Oval Conference Tables & Bases,2314.116,7,0.4,-1002.7836
US-2017-162558,10/2/17,10/5/17,First Class,Dp-13240,Dean percer,Home Office,United States,Knoxville,Tennessee,37918,South,OFF-BI-10003984,Office Supplies,Binders,Lock-Up Easel 'Spel-Binder',34.236,4,0.7,-26.2476
US-2017-162558,10/2/17,10/5/17,First Class,Dp-13240,Dean percer,Home Office,United States,Knoxville,Tennessee,37918,South,FUR-FU-10003691,Furniture,Furnishings,"Eldon Image Series Desk Accessories, Ebony",19.76,2,0.2,5.928
US-2014-168501,11/21/14,11/27/14,Standard Class,JK-15325,Jason Klamczynski,Corporate,United States,Dallas,Texas,75220,Central,OFF-EN-10001509,Office Supplies,Envelopes,Poly String Tie Envelopes,1.632,1,0.2,0.5508
US-2014-168501,11/21/14,11/27/14,Standard Class,JK-15325,Jason Klamczynski,Corporate,United States,Dallas,Texas,75220,Central,TEC-PH-10004922,Technology,Phones,RCA Visys Integrated PBX 8-Line Router,267.96,5,0.2,16.7475
US-2017-103814,12/9/17,12/16/17,Standard Class,LH-16900,Lena Hernandez,Consumer,United States,Park Ridge,Illinois,60068,Central,OFF-PA-10001019,Office Supplies,Paper,Xerox 1884,143.856,9,0.2,48.5514
US-2016-101616,9/3/16,9/6/16,First Class,CY-12745,Craig Yedwab,Corporate,United States,Monroe,Louisiana,71203,South,OFF-BI-10000014,Office Supplies,Binders,Heavy-Duty E-Z-D Binders,87.28,8,0,41.0216
US-2017-126060,4/14/17,4/18/17,Standard Class,DW-13585,Dorothy Wardle,Corporate,United States,Fayetteville,North Carolina,28314,South,FUR-BO-10003433,Furniture,Bookcases,Sauder Cornerstone Collection Library,198.272,8,0.2,-32.2192
US-2017-136721,4/8/17,4/12/17,Standard Class,NH-18610,Nicole Hansen,Corporate,United States,Oak Park,Michigan,48237,Central,FUR-FU-10004665,Furniture,Furnishings,"3M Polarizing Task Lamp with Clamp Arm, Light Gray",273.96,2,0,71.2296
US-2017-136721,4/8/17,4/12/17,Standard Class,NH-18610,Nicole Hansen,Corporate,United States,Oak Park,Michigan,48237,Central,FUR-FU-10004188,Furniture,Furnishings,Luxo Professional Combination Clamp-On Lamps,306.9,3,0,79.794
US-2014-123183,11/19/14,11/25/14,Standard Class,GR-14560,Georgia Rosenberg,Corporate,United States,Wilmington,Delaware,19805,East,OFF-LA-10002787,Office Supplies,Labels,Avery 480,22.5,6,0,10.8
US-2014-123183,11/19/14,11/25/14,Standard Class,GR-14560,Georgia Rosenberg,Corporate,United States,Wilmington,Delaware,19805,East,OFF-LA-10001569,Office Supplies,Labels,Avery 499,9.96,2,0,4.5816
US-2014-123183,11/19/14,11/25/14,Standard Class,GR-14560,Georgia Rosenberg,Corporate,United States,Wilmington,Delaware,19805,East,OFF-BI-10002429,Office Supplies,Binders,"Premier Elliptical Ring Binder, Black",213.08,7,0,102.2784
US-2014-123183,11/19/14,11/25/14,Standard Class,GR-14560,Georgia Rosenberg,Corporate,United States,Wilmington,Delaware,19805,East,FUR-BO-10000362,Furniture,Bookcases,Sauder Inglewood Library Bookcases,1025.88,6,0,235.9524
US-2016-147340,9/24/16,9/24/16,Same Day,EB-13750,Edward Becker,Corporate,United States,San Francisco,California,94110,West,FUR-FU-10002501,Furniture,Furnishings,Nu-Dell Executive Frame,63.2,5,0,23.384
US-2016-143280,2/22/16,2/26/16,Standard Class,TZ-21580,Tracy Zic,Consumer,United States,Los Angeles,California,90045,West,TEC-PH-10002398,Technology,Phones,AT&T 1070 Corded Phone,445.96,5,0.2,55.745
US-2016-143280,2/22/16,2/26/16,Standard Class,TZ-21580,Tracy Zic,Consumer,United States,Los Angeles,California,90045,West,TEC-AC-10003399,Technology,Accessories,Memorex Mini Travel Drive 64 GB USB 2.0 Flash Drive,36.24,1,0,15.2208
US-2016-143280,2/22/16,2/26/16,Standard Class,TZ-21580,Tracy Zic,Consumer,United States,Los Angeles,California,90045,West,OFF-FA-10000992,Office Supplies,Fasteners,"Acco Clips to Go Binder Clips, 24 Clips in Two Sizes",10.65,3,0,5.0055
US-2017-125647,9/23/17,9/28/17,Standard Class,LC-16870,Lena Cacioppo,Consumer,United States,Chicago,Illinois,60653,Central,OFF-AP-10000390,Office Supplies,Appliances,Euro Pro Shark Stick Mini Vacuum,73.176,6,0.8,-197.5752
US-2017-125647,9/23/17,9/28/17,Standard Class,LC-16870,Lena Cacioppo,Consumer,United States,Chicago,Illinois,60653,Central,OFF-PA-10004888,Office Supplies,Paper,Xerox 217,20.736,4,0.2,7.2576
US-2017-125647,9/23/17,9/28/17,Standard Class,LC-16870,Lena Cacioppo,Consumer,United States,Chicago,Illinois,60653,Central,TEC-PH-10004188,Technology,Phones,OtterBox Commuter Series Case - Samsung Galaxy S4,39.984,2,0.2,-8.9964
US-2016-151827,3/31/16,4/2/16,Second Class,CS-11950,Carlos Soltero,Consumer,United States,Philadelphia,Pennsylvania,19134,East,TEC-PH-10002789,Technology,Phones,LG Exalt,280.782,3,0.4,-60.8361
US-2016-151827,3/31/16,4/2/16,Second Class,CS-11950,Carlos Soltero,Consumer,United States,Philadelphia,Pennsylvania,19134,East,TEC-AC-10003289,Technology,Accessories,Anker Ultra-Slim Mini Bluetooth 3.0 Wireless Keyboard,31.984,2,0.2,1.1994
US-2016-163258,12/29/16,1/2/17,Standard Class,PF-19225,Phillip Flathmann,Consumer,United States,Los Angeles,California,90045,West,OFF-BI-10000138,Office Supplies,Binders,Acco Translucent Poly Ring Binders,11.232,3,0.2,3.9312
US-2017-120649,1/20/17,1/26/17,Standard Class,JF-15490,Jeremy Farry,Consumer,United States,Waterbury,Connecticut,6708,East,OFF-AR-10001545,Office Supplies,Art,Newell 326,3.52,2,0,1.0208
US-2016-108497,6/14/16,6/14/16,Same Day,MH-17290,Marc Harrigan,Home Office,United States,Los Angeles,California,90036,West,FUR-BO-10004218,Furniture,Bookcases,"Bush Heritage Pine Collection 5-Shelf Bookcase, Albany Pine Finish, *Special Order",599.165,5,0.15,35.245
US-2017-153633,11/13/17,11/18/17,Second Class,TC-21295,Toby Carlisle,Consumer,United States,Jupiter,Florida,33458,South,OFF-AR-10002335,Office Supplies,Art,DIXON Oriole Pencils,2.064,1,0.2,0.1548
US-2016-127425,8/26/16,8/31/16,Standard Class,DR-12880,Dan Reichenbach,Corporate,United States,New York City,New York,10035,East,TEC-PH-10003442,Technology,Phones,Samsung Replacement EH64AVFWE Premium Headset,33,6,0,8.25
US-2016-127425,8/26/16,8/31/16,Standard Class,DR-12880,Dan Reichenbach,Corporate,United States,New York City,New York,10035,East,TEC-AC-10002800,Technology,Accessories,Plantronics Audio 478 Stereo USB Headset,249.95,5,0,87.4825
US-2014-119081,9/12/14,9/19/14,Standard Class,TA-21385,Tom Ashbrook,Home Office,United States,Olathe,Kansas,66062,Central,OFF-SU-10000157,Office Supplies,Supplies,Compact Automatic Electric Letter Opener,357.93,3,0,7.1586
US-2014-119081,9/12/14,9/19/14,Standard Class,TA-21385,Tom Ashbrook,Home Office,United States,Olathe,Kansas,66062,Central,TEC-AC-10001542,Technology,Accessories,SanDisk Cruzer 16 GB USB Flash Drive,57.4,5,0,10.906
US-2014-119081,9/12/14,9/19/14,Standard Class,TA-21385,Tom Ashbrook,Home Office,United States,Olathe,Kansas,66062,Central,OFF-BI-10004519,Office Supplies,Binders,GBC DocuBind P100 Manual Binding Machine,331.96,2,0,149.382
US-2014-119081,9/12/14,9/19/14,Standard Class,TA-21385,Tom Ashbrook,Home Office,United States,Olathe,Kansas,66062,Central,FUR-FU-10003464,Furniture,Furnishings,"Seth Thomas 8 1/2"" Cubicle Clock",40.56,2,0,12.9792
US-2017-108700,5/19/17,5/23/17,Standard Class,PJ-18835,Patrick Jones,Corporate,United States,Rockford,Illinois,61107,Central,OFF-PA-10004733,Office Supplies,Paper,Things To Do Today Spiral Book,38.016,6,0.2,13.7808
US-2014-107405,3/21/14,3/25/14,Standard Class,TS-21205,Thomas Seio,Corporate,United States,Asheville,North Carolina,28806,South,OFF-ST-10002301,Office Supplies,Storage,Tennsco Commercial Shelving,16.272,1,0.2,-3.8646
US-2016-162026,10/8/16,10/8/16,Same Day,JE-15745,Joel Eaton,Consumer,United States,Los Angeles,California,90036,West,OFF-PA-10000167,Office Supplies,Paper,Xerox 1925,61.96,2,0,27.882
US-2017-152569,5/15/17,5/20/17,Standard Class,JD-16015,Joy Daniels,Consumer,United States,Chicago,Illinois,60653,Central,OFF-PA-10001736,Office Supplies,Paper,Xerox 1880,56.704,2,0.2,19.1376
US-2017-152569,5/15/17,5/20/17,Standard Class,JD-16015,Joy Daniels,Consumer,United States,Chicago,Illinois,60653,Central,TEC-PH-10002185,Technology,Phones,QVS USB Car Charger 2-Port 2.1Amp for iPod/iPhone/iPad/iPad 2/iPad 3,11.12,2,0.2,3.475
US-2014-137680,2/24/14,3/2/14,Standard Class,JH-15430,Jennifer Halladay,Consumer,United States,Medford,Oregon,97504,West,OFF-PA-10000174,Office Supplies,Paper,"Message Book, Wirebound, Four 5 1/2"" X 4"" Forms/Pg., 200 Dupl. Sets/Book",32.896,4,0.2,11.1024
US-2014-137680,2/24/14,3/2/14,Standard Class,JH-15430,Jennifer Halladay,Consumer,United States,Medford,Oregon,97504,West,OFF-PA-10000069,Office Supplies,Paper,"TOPS 4 x 6 Fluorescent Color Memo Sheets, 500 Sheets per Pack",22.776,3,0.2,7.6869
US-2016-138408,11/18/16,11/21/16,Second Class,KC-16255,Karen Carlisle,Corporate,United States,Huntsville,Alabama,35810,South,TEC-AC-10003870,Technology,Accessories,Logitech Z-906 Speaker sys - home theater - 5.1-CH,1319.96,4,0,527.984
US-2016-167472,6/6/16,6/7/16,First Class,CK-12595,Clytie Kelty,Consumer,United States,Little Rock,Arkansas,72209,South,TEC-AC-10001109,Technology,Accessories,Logitech Trackman Marble Mouse,179.94,6,0,75.5748
US-2016-167472,6/6/16,6/7/16,First Class,CK-12595,Clytie Kelty,Consumer,United States,Little Rock,Arkansas,72209,South,TEC-AC-10003038,Technology,Accessories,Kingston Digital DataTraveler 16GB USB 2.0,26.85,3,0,5.1015
US-2016-167472,6/6/16,6/7/16,First Class,CK-12595,Clytie Kelty,Consumer,United States,Little Rock,Arkansas,72209,South,TEC-AC-10003174,Technology,Accessories,Plantronics S12 Corded Telephone Headset System,323.37,3,0,129.348
US-2016-167472,6/6/16,6/7/16,First Class,CK-12595,Clytie Kelty,Consumer,United States,Little Rock,Arkansas,72209,South,OFF-PA-10000157,Office Supplies,Paper,Xerox 191,59.94,3,0,28.1718
US-2016-167472,6/6/16,6/7/16,First Class,CK-12595,Clytie Kelty,Consumer,United States,Little Rock,Arkansas,72209,South,OFF-BI-10001721,Office Supplies,Binders,Trimflex Flexible Post Binders,64.14,3,0,30.7872
US-2016-167472,6/6/16,6/7/16,First Class,CK-12595,Clytie Kelty,Consumer,United States,Little Rock,Arkansas,72209,South,OFF-BI-10000591,Office Supplies,Binders,Avery Binder Labels,11.67,3,0,5.6016
US-2016-167472,6/6/16,6/7/16,First Class,CK-12595,Clytie Kelty,Consumer,United States,Little Rock,Arkansas,72209,South,OFF-PA-10001534,Office Supplies,Paper,Xerox 230,12.96,2,0,6.2208
US-2017-150595,5/22/17,5/26/17,Standard Class,LE-16810,Laurel Elliston,Consumer,United States,Chicago,Illinois,60653,Central,FUR-CH-10000513,Furniture,Chairs,High-Back Leather Manager's Chair,181.986,2,0.3,-54.5958
US-2017-150595,5/22/17,5/26/17,Standard Class,LE-16810,Laurel Elliston,Consumer,United States,Chicago,Illinois,60653,Central,OFF-BI-10003274,Office Supplies,Binders,"Avery Durable Slant Ring Binders, No Labels",1.592,2,0.8,-2.6268
US-2017-150595,5/22/17,5/26/17,Standard Class,LE-16810,Laurel Elliston,Consumer,United States,Chicago,Illinois,60653,Central,OFF-SU-10000381,Office Supplies,Supplies,Acme Forged Steel Scissors with Black Enamel Handles,22.344,3,0.2,2.5137
US-2014-159618,11/12/14,11/16/14,Standard Class,DB-12970,Darren Budd,Corporate,United States,Houston,Texas,77036,Central,OFF-AR-10003183,Office Supplies,Art,Avery Fluorescent Highlighter Four-Color Set,2.672,1,0.2,0.334
US-2014-159618,11/12/14,11/16/14,Standard Class,DB-12970,Darren Budd,Corporate,United States,Houston,Texas,77036,Central,OFF-SU-10000432,Office Supplies,Supplies,Acco Side-Punched Conventional Columnar Pads,16.656,6,0.2,-3.123
US-2014-159618,11/12/14,11/16/14,Standard Class,DB-12970,Darren Budd,Corporate,United States,Houston,Texas,77036,Central,TEC-AC-10003832,Technology,Accessories,Imation 16GB Mini TravelDrive USB 2.0 Flash Drive,79.512,3,0.2,20.8719
US-2014-159618,11/12/14,11/16/14,Standard Class,DB-12970,Darren Budd,Corporate,United States,Houston,Texas,77036,Central,OFF-PA-10004100,Office Supplies,Paper,Xerox 216,36.288,7,0.2,12.7008
US-2014-159618,11/12/14,11/16/14,Standard Class,DB-12970,Darren Budd,Corporate,United States,Houston,Texas,77036,Central,FUR-BO-10004467,Furniture,Bookcases,Bestar Classic Bookcase,67.9932,1,0.32,-12.9987
US-2015-114741,12/6/15,12/10/15,Standard Class,IL-15100,Ivan Liston,Consumer,United States,North Las Vegas,Nevada,89031,West,OFF-PA-10000048,Office Supplies,Paper,Xerox 20,6.48,1,0,3.1104
US-2015-114741,12/6/15,12/10/15,Standard Class,IL-15100,Ivan Liston,Consumer,United States,North Las Vegas,Nevada,89031,West,OFF-ST-10000078,Office Supplies,Storage,Tennsco 6- and 18-Compartment Lockers,1325.85,5,0,238.653
US-2015-114741,12/6/15,12/10/15,Standard Class,IL-15100,Ivan Liston,Consumer,United States,North Las Vegas,Nevada,89031,West,OFF-LA-10004853,Office Supplies,Labels,Avery 483,14.94,3,0,6.8724
US-2017-108014,11/19/17,11/25/17,Standard Class,JH-15430,Jennifer Halladay,Consumer,United States,Cleveland,Ohio,44105,East,OFF-BI-10003984,Office Supplies,Binders,Lock-Up Easel 'Spel-Binder',59.913,7,0.7,-45.9333
US-2016-124163,9/25/16,9/30/16,Standard Class,SC-20695,Steve Chapman,Corporate,United States,La Crosse,Wisconsin,54601,Central,TEC-AC-10001908,Technology,Accessories,Logitech Wireless Headset h800,499.95,5,0,174.9825
US-2016-124163,9/25/16,9/30/16,Standard Class,SC-20695,Steve Chapman,Corporate,United States,La Crosse,Wisconsin,54601,Central,OFF-AR-10000817,Office Supplies,Art,Manco Dry-Lighter Erasable Highlighter,3.04,1,0,1.0336
US-2016-124163,9/25/16,9/30/16,Standard Class,SC-20695,Steve Chapman,Corporate,United States,La Crosse,Wisconsin,54601,Central,FUR-CH-10004218,Furniture,Chairs,"Global Fabric Manager's Chair, Dark Gray",201.96,2,0,50.49
US-2016-124163,9/25/16,9/30/16,Standard Class,SC-20695,Steve Chapman,Corporate,United States,La Crosse,Wisconsin,54601,Central,FUR-FU-10000755,Furniture,Furnishings,Eldon Expressions Mahogany Wood Desk Collection,68.64,11,0,17.16
US-2016-146066,8/21/16,8/23/16,Second Class,RB-19465,Rick Bensley,Home Office,United States,Philadelphia,Pennsylvania,19143,East,FUR-TA-10002530,Furniture,Tables,"Iceberg OfficeWorks 42"" Round Tables",815.292,9,0.4,-339.705
US-2014-134187,11/4/14,11/11/14,Standard Class,TH-21235,Tiffany House,Corporate,United States,Long Beach,California,90805,West,OFF-AR-10000940,Office Supplies,Art,Newell 343,2.94,1,0,0.7938
US-2015-138093,12/10/15,12/16/15,Standard Class,KM-16225,Kalyca Meade,Corporate,United States,Baltimore,Maryland,21215,East,OFF-AR-10000817,Office Supplies,Art,Manco Dry-Lighter Erasable Highlighter,27.36,9,0,9.3024
US-2015-138093,12/10/15,12/16/15,Standard Class,KM-16225,Kalyca Meade,Corporate,United States,Baltimore,Maryland,21215,East,OFF-PA-10001509,Office Supplies,Paper,"Recycled Desk Saver Line ""While You Were Out"" Book, 5 1/2"" X 4""",44.75,5,0,20.585
US-2015-138093,12/10/15,12/16/15,Standard Class,KM-16225,Kalyca Meade,Corporate,United States,Baltimore,Maryland,21215,East,TEC-PH-10004667,Technology,Phones,Cisco 8x8 Inc. 6753i IP Business Phone System,134.99,1,0,36.4473
US-2015-138093,12/10/15,12/16/15,Standard Class,KM-16225,Kalyca Meade,Corporate,United States,Baltimore,Maryland,21215,East,OFF-PA-10000143,Office Supplies,Paper,Astroparche Fine Business Paper,26.4,5,0,12.672
US-2015-138093,12/10/15,12/16/15,Standard Class,KM-16225,Kalyca Meade,Corporate,United States,Baltimore,Maryland,21215,East,FUR-CH-10000785,Furniture,Chairs,Global Ergonomic Managers Chair,542.94,3,0,141.1644
US-2014-123519,12/14/14,12/21/14,Standard Class,SS-20875,Sung Shariari,Consumer,United States,Marion,Ohio,43302,East,OFF-AR-10003829,Office Supplies,Art,Newell 35,2.624,1,0.2,0.2952
US-2014-123519,12/14/14,12/21/14,Standard Class,SS-20875,Sung Shariari,Consumer,United States,Marion,Ohio,43302,East,FUR-TA-10002645,Furniture,Tables,Hon Rectangular Conference Tables,136.53,1,0.4,-52.3365
US-2014-123519,12/14/14,12/21/14,Standard Class,SS-20875,Sung Shariari,Consumer,United States,Marion,Ohio,43302,East,TEC-AC-10003033,Technology,Accessories,Plantronics CS510 - Over-the-Head monaural Wireless Headset System,263.96,1,0.2,42.8935
US-2015-160857,5/8/15,5/15/15,Standard Class,NW-18400,Natalie Webber,Consumer,United States,New York City,New York,10024,East,FUR-FU-10001095,Furniture,Furnishings,DAX Black Cherry Wood-Tone Poster Frame,79.44,3,0,30.1872
US-2015-160857,5/8/15,5/15/15,Standard Class,NW-18400,Natalie Webber,Consumer,United States,New York City,New York,10024,East,OFF-SU-10000157,Office Supplies,Supplies,Compact Automatic Electric Letter Opener,357.93,3,0,7.1586
US-2015-160857,5/8/15,5/15/15,Standard Class,NW-18400,Natalie Webber,Consumer,United States,New York City,New York,10024,East,FUR-CH-10002647,Furniture,Chairs,"Situations Contoured Folding Chairs, 4/Set",127.764,2,0.1,21.294
US-2015-160857,5/8/15,5/15/15,Standard Class,NW-18400,Natalie Webber,Consumer,United States,New York City,New York,10024,East,TEC-CO-10004115,Technology,Copiers,Sharp AL-1530CS Digital Copier,2799.944,7,0.2,1014.9797
US-2015-160857,5/8/15,5/15/15,Standard Class,NW-18400,Natalie Webber,Consumer,United States,New York City,New York,10024,East,OFF-PA-10003363,Office Supplies,Paper,Xerox 204,19.44,3,0,9.3312
US-2014-143707,3/1/14,3/5/14,Standard Class,HR-14770,Hallie Redmond,Home Office,United States,New York City,New York,10035,East,TEC-PH-10003655,Technology,Phones,Sannysis Cute Owl Design Soft Skin Case Cover for Samsung Galaxy S4,5.94,3,0,1.6038
US-2017-147886,3/28/17,3/31/17,First Class,DH-13075,Dave Hallsten,Corporate,United States,Fairfield,California,94533,West,OFF-PA-10000232,Office Supplies,Paper,Xerox 1975,12.96,2,0,6.3504
US-2017-147886,3/28/17,3/31/17,First Class,DH-13075,Dave Hallsten,Corporate,United States,Fairfield,California,94533,West,FUR-FU-10001095,Furniture,Furnishings,DAX Black Cherry Wood-Tone Poster Frame,26.48,1,0,10.0624
US-2017-147886,3/28/17,3/31/17,First Class,DH-13075,Dave Hallsten,Corporate,United States,Fairfield,California,94533,West,TEC-MA-10004679,Technology,Machines,StarTech.com 10/100 VDSL2 Ethernet Extender Kit,532.72,2,0.2,53.272
US-2017-147886,3/28/17,3/31/17,First Class,DH-13075,Dave Hallsten,Corporate,United States,Fairfield,California,94533,West,OFF-PA-10003651,Office Supplies,Paper,Xerox 1968,26.72,4,0,12.8256
US-2017-147886,3/28/17,3/31/17,First Class,DH-13075,Dave Hallsten,Corporate,United States,Fairfield,California,94533,West,OFF-PA-10000743,Office Supplies,Paper,Xerox 1977,20.04,3,0,9.6192
US-2017-147886,3/28/17,3/31/17,First Class,DH-13075,Dave Hallsten,Corporate,United States,Fairfield,California,94533,West,OFF-ST-10002743,Office Supplies,Storage,SAFCO Boltless Steel Shelving,795.48,7,0,7.9548
US-2017-147886,3/28/17,3/31/17,First Class,DH-13075,Dave Hallsten,Corporate,United States,Fairfield,California,94533,West,FUR-FU-10003829,Furniture,Furnishings,Stackable Trays,21.56,7,0,6.8992
US-2016-111528,12/30/16,12/30/16,Same Day,JP-16135,Julie Prescott,Home Office,United States,Los Angeles,California,90032,West,OFF-ST-10001526,Office Supplies,Storage,Iceberg Mobile Mega Data/Printer Cart ,481.32,4,0,125.1432
US-2016-111528,12/30/16,12/30/16,Same Day,JP-16135,Julie Prescott,Home Office,United States,Los Angeles,California,90032,West,OFF-BI-10002194,Office Supplies,Binders,Cardinal Hold-It CD Pocket,6.384,1,0.2,2.1546
US-2014-126340,11/8/14,11/14/14,Standard Class,EB-13870,Emily Burns,Consumer,United States,Redding,California,96003,West,TEC-PH-10004447,Technology,Phones,Toshiba IPT2010-SD IP Telephone,333.576,3,0.2,25.0182
US-2015-159513,4/2/15,4/9/15,Standard Class,JD-15790,John Dryer,Consumer,United States,Los Angeles,California,90049,West,TEC-MA-10003329,Technology,Machines,"Vtech AT&T CL2940 Corded Speakerphone, Black",71.976,3,0.2,24.2919
US-2017-106796,5/12/17,5/19/17,Standard Class,JP-16135,Julie Prescott,Home Office,United States,Springfield,Ohio,45503,East,OFF-AR-10003504,Office Supplies,Art,Newell 347,10.272,3,0.2,1.1556
US-2015-163279,3/22/15,3/26/15,Standard Class,JD-16150,Justin Deggeller,Corporate,United States,San Diego,California,92037,West,OFF-PA-10003127,Office Supplies,Paper,Easy-staple paper,105.52,4,0,48.5392
US-2015-163279,3/22/15,3/26/15,Standard Class,JD-16150,Justin Deggeller,Corporate,United States,San Diego,California,92037,West,FUR-FU-10000747,Furniture,Furnishings,Tenex B1-RE Series Chair Mats for Low Pile Carpets,91.96,2,0,15.6332
US-2015-163279,3/22/15,3/26/15,Standard Class,JD-16150,Justin Deggeller,Corporate,United States,San Diego,California,92037,West,TEC-PH-10001795,Technology,Phones,ClearOne CHATAttach 160 - speaker phone,1487.976,3,0.2,185.997
US-2015-106495,6/15/15,6/17/15,First Class,AC-10450,Amy Cox,Consumer,United States,Tampa,Florida,33614,South,TEC-AC-10002718,Technology,Accessories,Belkin Standard 104 key USB Keyboard,11.672,1,0.2,-0.7295
US-2014-138835,9/10/14,9/14/14,Standard Class,DA-13450,Dianna Arnett,Home Office,United States,Virginia Beach,Virginia,23464,South,OFF-BI-10003314,Office Supplies,Binders,Tuff Stuff Recycled Round Ring Binders,9.64,2,0,4.7236
US-2017-153255,9/3/17,9/7/17,Second Class,JK-15730,Joe Kamberova,Consumer,United States,Concord,California,94521,West,FUR-BO-10004218,Furniture,Bookcases,"Bush Heritage Pine Collection 5-Shelf Bookcase, Albany Pine Finish, *Special Order",239.666,2,0.15,14.098
US-2014-117968,8/5/14,8/7/14,Second Class,RS-19420,Ricardo Sperren,Corporate,United States,Meriden,Connecticut,6450,East,OFF-AP-10002765,Office Supplies,Appliances,Fellowes Advanced Computer Series Surge Protectors,79.47,3,0,22.2516
US-2014-117968,8/5/14,8/7/14,Second Class,RS-19420,Ricardo Sperren,Corporate,United States,Meriden,Connecticut,6450,East,OFF-AR-10004165,Office Supplies,Art,"Binney & Smith inkTank Erasable Pocket Highlighter, Chisel Tip, Yellow",4.56,2,0,2.0064
US-2014-117968,8/5/14,8/7/14,Second Class,RS-19420,Ricardo Sperren,Corporate,United States,Meriden,Connecticut,6450,East,FUR-CH-10002335,Furniture,Chairs,Hon GuestStacker Chair,1133.35,5,0,294.671
US-2014-109456,10/16/14,10/17/14,Same Day,LS-17245,Lynn Smith,Consumer,United States,San Francisco,California,94110,West,OFF-BI-10000136,Office Supplies,Binders,Avery Non-Stick Heavy Duty View Round Locking Ring Binders,14.352,3,0.2,5.0232
US-2014-109456,10/16/14,10/17/14,Same Day,LS-17245,Lynn Smith,Consumer,United States,San Francisco,California,94110,West,TEC-AC-10003610,Technology,Accessories,Logitech Illuminated - Keyboard,179.97,3,0,86.3856
US-2017-153948,11/6/17,11/6/17,Same Day,FM-14290,Frank Merwin,Home Office,United States,San Francisco,California,94122,West,OFF-PA-10000157,Office Supplies,Paper,Xerox 191,59.94,3,0,28.1718
US-2017-153948,11/6/17,11/6/17,Same Day,FM-14290,Frank Merwin,Home Office,United States,San Francisco,California,94122,West,OFF-PA-10002764,Office Supplies,Paper,Easy-staple paper,45.36,4,0,22.2264
US-2017-153948,11/6/17,11/6/17,Same Day,FM-14290,Frank Merwin,Home Office,United States,San Francisco,California,94122,West,OFF-PA-10000143,Office Supplies,Paper,Astroparche Fine Business Paper,26.4,5,0,12.672
US-2017-153948,11/6/17,11/6/17,Same Day,FM-14290,Frank Merwin,Home Office,United States,San Francisco,California,94122,West,OFF-LA-10000414,Office Supplies,Labels,Avery 503,41.4,4,0,19.872
US-2017-153948,11/6/17,11/6/17,Same Day,FM-14290,Frank Merwin,Home Office,United States,San Francisco,California,94122,West,TEC-AC-10003441,Technology,Accessories,Kingston Digital DataTraveler 32GB USB 2.0,16.95,1,0,1.017
US-2016-113985,12/2/16,12/7/16,Standard Class,KD-16495,Keith Dawkins,Corporate,United States,San Jose,California,95123,West,OFF-BI-10002353,Office Supplies,Binders,GBC VeloBind Cover Sets,24.704,2,0.2,9.264
US-2016-113985,12/2/16,12/7/16,Standard Class,KD-16495,Keith Dawkins,Corporate,United States,San Jose,California,95123,West,OFF-AP-10001303,Office Supplies,Appliances,"Holmes Cool Mist Humidifier for the Whole House with 8-Gallon Output per Day, Extended Life Filter",59.7,3,0,26.865
US-2016-113985,12/2/16,12/7/16,Standard Class,KD-16495,Keith Dawkins,Corporate,United States,San Jose,California,95123,West,FUR-FU-10003026,Furniture,Furnishings,"Eldon Regeneration Recycled Desk Accessories, Black",14.52,3,0,5.6628
US-2016-113985,12/2/16,12/7/16,Standard Class,KD-16495,Keith Dawkins,Corporate,United States,San Jose,California,95123,West,OFF-BI-10000632,Office Supplies,Binders,Satellite Sectional Post Binders,104.184,3,0.2,33.8598
US-2015-126977,9/17/15,9/23/15,Standard Class,PF-19120,Peter Fuller,Consumer,United States,New York City,New York,10035,East,OFF-ST-10000617,Office Supplies,Storage,Woodgrain Magazine Files by Perma,14.9,5,0,1.043
US-2015-126977,9/17/15,9/23/15,Standard Class,PF-19120,Peter Fuller,Consumer,United States,New York City,New York,10035,East,OFF-LA-10002762,Office Supplies,Labels,Avery 485,87.71,7,0,41.2237
US-2015-126977,9/17/15,9/23/15,Standard Class,PF-19120,Peter Fuller,Consumer,United States,New York City,New York,10035,East,FUR-CH-10001973,Furniture,Chairs,Office Star Flex Back Scooter Chair with White Frame,199.764,2,0.1,8.8784
US-2015-126977,9/17/15,9/23/15,Standard Class,PF-19120,Peter Fuller,Consumer,United States,New York City,New York,10035,East,OFF-ST-10003058,Office Supplies,Storage,Eldon Mobile Mega Data Cart  Mega Stackable  Add-On Trays,94.6,4,0,27.434
US-2015-126977,9/17/15,9/23/15,Standard Class,PF-19120,Peter Fuller,Consumer,United States,New York City,New York,10035,East,FUR-BO-10004834,Furniture,Bookcases,"Riverside Palais Royal Lawyers Bookcase, Royale Cherry Finish",4228.704,6,0.2,158.5764
US-2015-126977,9/17/15,9/23/15,Standard Class,PF-19120,Peter Fuller,Consumer,United States,New York City,New York,10035,East,FUR-BO-10002213,Furniture,Bookcases,DMI Eclipse Executive Suite Bookcases,2003.92,5,0.2,-25.049
US-2015-126977,9/17/15,9/23/15,Standard Class,PF-19120,Peter Fuller,Consumer,United States,New York City,New York,10035,East,TEC-PH-10002170,Technology,Phones,ClearSounds CSC500 Amplified Spirit Phone Corded phone,209.97,3,0,58.7916
US-2015-126977,9/17/15,9/23/15,Standard Class,PF-19120,Peter Fuller,Consumer,United States,New York City,New York,10035,East,TEC-AC-10003033,Technology,Accessories,Plantronics CS510 - Over-the-Head monaural Wireless Headset System,659.9,2,0,217.767
US-2015-126977,9/17/15,9/23/15,Standard Class,PF-19120,Peter Fuller,Consumer,United States,New York City,New York,10035,East,OFF-PA-10004071,Office Supplies,Paper,"Eaton Premium Continuous-Feed Paper, 25% Cotton, Letter Size, White, 1000 Shts/Box",110.96,2,0,53.2608
US-2015-126977,9/17/15,9/23/15,Standard Class,PF-19120,Peter Fuller,Consumer,United States,New York City,New York,10035,East,TEC-PH-10000169,Technology,Phones,ARKON Windshield Dashboard Air Vent Car Mount Holder,67.8,4,0,1.356
US-2014-118997,4/8/14,4/12/14,Standard Class,RA-19885,Ruben Ausman,Corporate,United States,Decatur,Alabama,35601,South,FUR-TA-10001086,Furniture,Tables,"SAFCO PlanMaster Boards, 60w x 37-1/2d, White Melamine",1215.92,8,0,316.1392
US-2017-169551,7/7/17,7/9/17,First Class,RL-19615,Rob Lucas,Consumer,United States,Philadelphia,Pennsylvania,19120,East,FUR-BO-10001519,Furniture,Bookcases,O'Sullivan 3-Shelf Heavy-Duty Bookcases,87.21,3,0.5,-45.3492
US-2017-169551,7/7/17,7/9/17,First Class,RL-19615,Rob Lucas,Consumer,United States,Philadelphia,Pennsylvania,19120,East,OFF-PA-10004100,Office Supplies,Paper,Xerox 216,15.552,3,0.2,5.4432
US-2017-169551,7/7/17,7/9/17,First Class,RL-19615,Rob Lucas,Consumer,United States,Philadelphia,Pennsylvania,19120,East,TEC-PH-10001363,Technology,Phones,Apple iPhone 5S,683.988,2,0.4,-113.998
US-2017-169551,7/7/17,7/9/17,First Class,RL-19615,Rob Lucas,Consumer,United States,Philadelphia,Pennsylvania,19120,East,OFF-ST-10004835,Office Supplies,Storage,Plastic Stacking Crates & Casters,13.392,3,0.2,1.0044
US-2017-169551,7/7/17,7/9/17,First Class,RL-19615,Rob Lucas,Consumer,United States,Philadelphia,Pennsylvania,19120,East,TEC-AC-10002018,Technology,Accessories,AmazonBasics 3-Button USB Wired Mouse,16.776,3,0.2,4.8231
US-2017-169551,7/7/17,7/9/17,First Class,RL-19615,Rob Lucas,Consumer,United States,Philadelphia,Pennsylvania,19120,East,TEC-AC-10003033,Technology,Accessories,Plantronics CS510 - Over-the-Head monaural Wireless Headset System,527.92,2,0.2,85.787
US-2017-141698,4/15/17,4/21/17,Standard Class,SD-20485,Shirley Daniels,Home Office,United States,Houston,Texas,77041,Central,OFF-PA-10001826,Office Supplies,Paper,Xerox 207,20.736,4,0.2,7.2576
US-2014-105151,3/30/14,3/31/14,First Class,SG-20890,Susan Gilcrest,Corporate,United States,New York City,New York,10009,East,OFF-AR-10001231,Office Supplies,Art,"Sanford EarthWrite Recycled Pencils, Medium Soft, #2",10.5,5,0,2.94
US-2017-163300,9/15/17,9/21/17,Standard Class,ES-14020,Erica Smith,Consumer,United States,Los Angeles,California,90049,West,OFF-BI-10004390,Office Supplies,Binders,GBC DocuBind 200 Manual Binding Machine,2357.488,7,0.2,884.058
US-2017-163300,9/15/17,9/21/17,Standard Class,ES-14020,Erica Smith,Consumer,United States,Los Angeles,California,90049,West,TEC-PH-10001700,Technology,Phones,Panasonic KX-TG6844B Expandable Digital Cordless Telephone,369.544,7,0.2,32.3351
US-2017-163300,9/15/17,9/21/17,Standard Class,ES-14020,Erica Smith,Consumer,United States,Los Angeles,California,90049,West,FUR-CH-10003396,Furniture,Chairs,Global Deluxe Steno Chair,184.752,3,0.2,-20.7846
US-2014-112991,12/10/14,12/14/14,Standard Class,SH-19975,Sally Hughsby,Corporate,United States,Caldwell,Idaho,83605,West,FUR-CH-10001708,Furniture,Chairs,Office Star - Contemporary Swivel Chair with Padded Adjustable Arms and Flex Back,338.352,3,0.2,4.2294
US-2014-112991,12/10/14,12/14/14,Standard Class,SH-19975,Sally Hughsby,Corporate,United States,Caldwell,Idaho,83605,West,OFF-PA-10000019,Office Supplies,Paper,Xerox 1931,25.92,4,0,12.4416
US-2014-112991,12/10/14,12/14/14,Standard Class,SH-19975,Sally Hughsby,Corporate,United States,Caldwell,Idaho,83605,West,OFF-PA-10002222,Office Supplies,Paper,"Xerox Color Copier Paper, 11"" x 17"", Ream",91.36,4,0,42.0256
US-2017-146878,9/21/17,9/27/17,Standard Class,DL-12865,Dan Lawera,Consumer,United States,Miami,Florida,33142,South,OFF-BI-10002794,Office Supplies,Binders,"Avery Trapezoid Ring Binder, 3"" Capacity, Black, 1040 sheets",12.294,1,0.7,-8.6058
US-2016-156692,8/13/16,8/13/16,Same Day,HG-15025,Hunter Glantz,Consumer,United States,Kenner,Louisiana,70065,South,OFF-AP-10002222,Office Supplies,Appliances,Staple holder,17.34,2,0,4.6818
US-2016-156692,8/13/16,8/13/16,Same Day,HG-15025,Hunter Glantz,Consumer,United States,Kenner,Louisiana,70065,South,TEC-AC-10000158,Technology,Accessories,Sony 64GB Class 10 Micro SDHC R40 Memory Card,71.98,2,0,15.1158
US-2017-128832,4/24/17,4/27/17,First Class,LS-16945,Linda Southworth,Corporate,United States,Providence,Rhode Island,2908,East,TEC-AC-10004855,Technology,Accessories,V7 USB Numeric Keypad,69.98,2,0,4.8986
US-2016-112970,11/14/16,11/15/16,First Class,TB-21250,Tim Brockman,Consumer,United States,Los Angeles,California,90049,West,OFF-AR-10003829,Office Supplies,Art,Newell 35,9.84,3,0,2.8536
US-2017-152492,7/6/17,7/6/17,Same Day,AH-10585,Angele Hood,Consumer,United States,Miami,Florida,33142,South,FUR-CH-10000155,Furniture,Chairs,Global Comet Stacking Armless Chair,239.24,1,0.2,23.924
US-2015-155369,4/19/15,4/25/15,Standard Class,PG-18820,Patrick Gardner,Consumer,United States,Carrollton,Texas,75007,Central,OFF-AP-10002578,Office Supplies,Appliances,"Fellowes Premier Superior Surge Suppressor, 10-Outlet, With Phone and Remote",19.568,2,0.8,-52.8336
US-2015-155369,4/19/15,4/25/15,Standard Class,PG-18820,Patrick Gardner,Consumer,United States,Carrollton,Texas,75007,Central,OFF-BI-10003925,Office Supplies,Binders,Fellowes PB300 Plastic Comb Binding Machine,310.392,4,0.8,-512.1468
US-2014-165589,2/18/14,2/18/14,Same Day,TB-21595,Troy Blackwell,Consumer,United States,Lubbock,Texas,79424,Central,FUR-FU-10002396,Furniture,Furnishings,"DAX Copper Panel Document Frame, 5 x 7 Size",25.16,5,0.6,-11.322
US-2016-132577,11/22/16,11/27/16,Standard Class,JE-15475,Jeremy Ellison,Consumer,United States,Houston,Texas,77095,Central,OFF-BI-10004040,Office Supplies,Binders,Wilson Jones Impact Binders,6.216,6,0.8,-9.6348
US-2016-132577,11/22/16,11/27/16,Standard Class,JE-15475,Jeremy Ellison,Consumer,United States,Houston,Texas,77095,Central,OFF-AR-10003481,Office Supplies,Art,Newell 348,23.616,9,0.2,2.6568
US-2016-132577,11/22/16,11/27/16,Standard Class,JE-15475,Jeremy Ellison,Consumer,United States,Houston,Texas,77095,Central,TEC-AC-10000387,Technology,Accessories,KeyTronic KT800P2 - Keyboard - Black,24.032,2,0.2,-0.6008
US-2016-132577,11/22/16,11/27/16,Standard Class,JE-15475,Jeremy Ellison,Consumer,United States,Houston,Texas,77095,Central,OFF-LA-10000262,Office Supplies,Labels,Avery 494,2.088,1,0.2,0.6786
US-2016-132577,11/22/16,11/27/16,Standard Class,JE-15475,Jeremy Ellison,Consumer,United States,Houston,Texas,77095,Central,OFF-BI-10003196,Office Supplies,Binders,Accohide Poly Flexible Ring Binders,4.488,6,0.8,-6.732
US-2017-162068,12/28/17,12/31/17,Second Class,PC-18745,Pamela Coakley,Corporate,United States,Loveland,Colorado,80538,West,OFF-BI-10002813,Office Supplies,Binders,Avery Reinforcements for Hole-Punch Pages,1.188,2,0.7,-0.99
US-2017-132381,8/22/17,8/24/17,First Class,Dp-13240,Dean percer,Home Office,United States,Philadelphia,Pennsylvania,19143,East,FUR-TA-10002356,Furniture,Tables,Bevis Boat-Shaped Conference Table,314.532,2,0.4,-83.8752
US-2016-113677,11/13/16,11/19/16,Standard Class,CM-12655,Corinna Mitchell,Home Office,United States,New York City,New York,10011,East,TEC-PH-10002114,Technology,Phones,Xiaomi Mi3,2279.96,4,0,592.7896
US-2016-113677,11/13/16,11/19/16,Standard Class,CM-12655,Corinna Mitchell,Home Office,United States,New York City,New York,10011,East,OFF-LA-10001569,Office Supplies,Labels,Avery 499,14.94,3,0,6.8724
US-2014-158400,10/25/14,10/28/14,First Class,AH-10030,Aaron Hawkins,Corporate,United States,San Francisco,California,94109,West,OFF-BI-10002353,Office Supplies,Binders,GBC VeloBind Cover Sets,49.408,4,0.2,18.528
US-2016-142251,10/31/16,11/4/16,Second Class,FO-14305,Frank Olsen,Consumer,United States,Hollywood,Florida,33021,South,OFF-PA-10002986,Office Supplies,Paper,Xerox 1898,32.064,6,0.2,11.2224
US-2015-113593,4/18/15,4/20/15,First Class,NC-18415,Nathan Cano,Consumer,United States,Santa Maria,California,93454,West,OFF-ST-10000532,Office Supplies,Storage,Advantus Rolling Drawer Organizers,115.44,3,0,30.0144
US-2016-106600,4/8/16,4/11/16,First Class,RM-19375,Raymond Messe,Consumer,United States,Columbus,Georgia,31907,South,FUR-BO-10001608,Furniture,Bookcases,"Hon Metal Bookcases, Black",354.9,5,0,88.725
US-2014-106299,8/2/14,8/8/14,Standard Class,NZ-18565,Nick Zandusky,Home Office,United States,Springfield,Missouri,65807,Central,OFF-BI-10001758,Office Supplies,Binders,Wilson Jones 14 Line Acrylic Coated Pressboard Data Binders,26.7,5,0,12.549
US-2014-106299,8/2/14,8/8/14,Standard Class,NZ-18565,Nick Zandusky,Home Office,United States,Springfield,Missouri,65807,Central,TEC-AC-10003237,Technology,Accessories,Memorex Micro Travel Drive 4 GB,21.2,2,0,9.116
US-2014-106299,8/2/14,8/8/14,Standard Class,NZ-18565,Nick Zandusky,Home Office,United States,Springfield,Missouri,65807,Central,OFF-ST-10002011,Office Supplies,Storage,Smead Adjustable Mobile File Trolley with Lockable Top,838.38,2,0,226.3626
US-2015-129553,7/27/15,8/2/15,Standard Class,PG-18820,Patrick Gardner,Consumer,United States,Louisville,Kentucky,40214,South,TEC-PH-10004897,Technology,Phones,Mediabridge Sport Armband iPhone 5s,29.97,3,0,0.2997
US-2017-157224,9/14/17,9/18/17,Second Class,JB-16000,Joy Bell-,Consumer,United States,Los Angeles,California,90045,West,OFF-LA-10000121,Office Supplies,Labels,Avery 48,56.7,9,0,26.082
US-2017-142188,9/11/17,9/11/17,Same Day,JF-15415,Jennifer Ferguson,Consumer,United States,Seattle,Washington,98105,West,FUR-CH-10003199,Furniture,Chairs,Office Star - Contemporary Task Swivel Chair,177.568,2,0.2,8.8784
US-2017-142188,9/11/17,9/11/17,Same Day,JF-15415,Jennifer Ferguson,Consumer,United States,Seattle,Washington,98105,West,OFF-PA-10002005,Office Supplies,Paper,Xerox 225,19.44,3,0,9.3312
US-2017-142188,9/11/17,9/11/17,Same Day,JF-15415,Jennifer Ferguson,Consumer,United States,Seattle,Washington,98105,West,OFF-PA-10004101,Office Supplies,Paper,Xerox 1894,71.28,11,0,34.2144
US-2017-142188,9/11/17,9/11/17,Same Day,JF-15415,Jennifer Ferguson,Consumer,United States,Seattle,Washington,98105,West,OFF-BI-10004600,Office Supplies,Binders,Ibico Ibimaster 300 Manual Binding System,1471.96,5,0.2,459.9875
US-2017-142188,9/11/17,9/11/17,Same Day,JF-15415,Jennifer Ferguson,Consumer,United States,Seattle,Washington,98105,West,TEC-PH-10000127,Technology,Phones,iOttie XL Car Mount,79.96,5,0.2,-17.991
US-2016-155180,1/22/16,1/29/16,Standard Class,TB-21280,Toby Braunhardt,Consumer,United States,New York City,New York,10009,East,OFF-BI-10004506,Office Supplies,Binders,Wilson Jones data.warehouse D-Ring Binders with DublLock,26.336,4,0.2,9.2176
US-2016-131912,10/29/16,11/1/16,Second Class,LH-17155,Logan Haushalter,Consumer,United States,Los Angeles,California,90008,West,OFF-BI-10004236,Office Supplies,Binders,"XtraLife ClearVue Slant-D Ring Binder, White, 3""",11.744,1,0.2,3.8168
US-2016-115952,10/6/16,10/6/16,Same Day,JH-15910,Jonathan Howell,Consumer,United States,Tulsa,Oklahoma,74133,Central,OFF-BI-10004654,Office Supplies,Binders,Avery Binding System Hidden Tab Executive Style Index Sets,28.85,5,0,14.425
US-2016-139087,7/17/16,7/22/16,Second Class,DK-13375,Dennis Kane,Consumer,United States,Seattle,Washington,98105,West,FUR-FU-10001847,Furniture,Furnishings,Eldon Image Series Black Desk Accessories,12.42,3,0,4.4712
US-2016-139087,7/17/16,7/22/16,Second Class,DK-13375,Dennis Kane,Consumer,United States,Seattle,Washington,98105,West,TEC-AC-10004595,Technology,Accessories,First Data TMFD35 PIN Pad,428.4,3,0,89.964
US-2016-139087,7/17/16,7/22/16,Second Class,DK-13375,Dennis Kane,Consumer,United States,Seattle,Washington,98105,West,FUR-FU-10004164,Furniture,Furnishings,"Eldon 300 Class Desk Accessories, Black",24.75,5,0,10.89
US-2016-139087,7/17/16,7/22/16,Second Class,DK-13375,Dennis Kane,Consumer,United States,Seattle,Washington,98105,West,OFF-LA-10001074,Office Supplies,Labels,Round Specialty Laser Printer Labels,87.71,7,0,41.2237
US-2016-139087,7/17/16,7/22/16,Second Class,DK-13375,Dennis Kane,Consumer,United States,Seattle,Washington,98105,West,OFF-ST-10000604,Office Supplies,Storage,Home/Office Personal File Carts,69.52,2,0,17.38
US-2016-139087,7/17/16,7/22/16,Second Class,DK-13375,Dennis Kane,Consumer,United States,Seattle,Washington,98105,West,TEC-PH-10000148,Technology,Phones,Cyber Acoustics AC-202b Speech Recognition Stereo Headset,20.784,2,0.2,-4.6764
US-2016-139087,7/17/16,7/22/16,Second Class,DK-13375,Dennis Kane,Consumer,United States,Seattle,Washington,98105,West,OFF-BI-10000042,Office Supplies,Binders,"Pressboard Data Binder, Crimson, 12"" X 8 1/2""",12.816,3,0.2,4.1652
US-2015-139675,3/13/15,3/18/15,Second Class,NF-18595,Nicole Fjeld,Home Office,United States,Chico,California,95928,West,FUR-CH-10004063,Furniture,Chairs,Global Deluxe High-Back Manager's Chair,915.136,4,0.2,102.9528
US-2015-139675,3/13/15,3/18/15,Second Class,NF-18595,Nicole Fjeld,Home Office,United States,Chico,California,95928,West,FUR-FU-10001979,Furniture,Furnishings,Dana Halogen Swing-Arm Architect Lamp,327.76,8,0,91.7728
US-2014-161305,6/6/14,6/12/14,Standard Class,SB-20170,Sarah Bern,Consumer,United States,Chicago,Illinois,60623,Central,OFF-BI-10002794,Office Supplies,Binders,"Avery Trapezoid Ring Binder, 3"" Capacity, Black, 1040 sheets",24.588,3,0.8,-38.1114
US-2014-161305,6/6/14,6/12/14,Standard Class,SB-20170,Sarah Bern,Consumer,United States,Chicago,Illinois,60623,Central,OFF-EN-10000461,Office Supplies,Envelopes,"#10- 4 1/8"" x 9 1/2"" Recycled Envelopes",13.984,2,0.2,4.7196
US-2017-105830,12/31/16,1/2/17,First Class,DB-13660,Duane Benoit,Consumer,United States,Lancaster,Ohio,43130,East,OFF-ST-10002554,Office Supplies,Storage,Tennsco Industrial Shelving,156.512,4,0.2,-35.2152
US-2015-161347,9/13/15,9/19/15,Standard Class,HG-14845,Harry Greene,Consumer,United States,Philadelphia,Pennsylvania,19120,East,OFF-BI-10004209,Office Supplies,Binders,"Fellowes Twister Kit, Gray/Clear, 3/pkg",2.412,1,0.7,-2.01
US-2015-109015,9/6/15,9/12/15,Standard Class,BS-11590,Brendan Sweed,Corporate,United States,New York City,New York,10011,East,OFF-AP-10001962,Office Supplies,Appliances,Black & Decker Filter for Double Action Dustbuster Cordless Vac BLDV7210,8.39,1,0,2.0975
US-2015-109015,9/6/15,9/12/15,Standard Class,BS-11590,Brendan Sweed,Corporate,United States,New York City,New York,10011,East,TEC-PH-10002922,Technology,Phones,ShoreTel ShorePhone IP 230 VoIP phone,337.98,2,0,101.394
US-2014-107993,11/25/14,11/30/14,Standard Class,SE-20110,Sanjit Engle,Consumer,United States,Springfield,Oregon,97477,West,OFF-AR-10003179,Office Supplies,Art,Dixon Ticonderoga Core-Lock Colored Pencils,51.016,7,0.2,8.2901
US-2017-147998,5/19/17,5/24/17,Standard Class,SA-20830,Sue Ann Reed,Consumer,United States,San Jose,California,95123,West,OFF-BI-10002082,Office Supplies,Binders,GBC Twin Loop Wire Binding Elements,133.12,5,0.2,49.92
US-2016-116442,12/15/16,12/22/16,Standard Class,BP-11230,Benjamin Patterson,Consumer,United States,Los Angeles,California,90004,West,FUR-FU-10002364,Furniture,Furnishings,"Eldon Expressions Wood Desk Accessories, Oak",14.76,2,0,4.2804
US-2014-163797,4/8/14,4/13/14,Standard Class,PC-19000,Pauline Chand,Home Office,United States,Chandler,Arizona,85224,West,OFF-FA-10001883,Office Supplies,Fasteners,"Alliance Super-Size Bands, Assorted Sizes",49.792,8,0.2,-11.8256
US-2017-104661,1/15/17,1/18/17,First Class,TB-21250,Tim Brockman,Consumer,United States,Austin,Texas,78745,Central,OFF-BI-10001597,Office Supplies,Binders,"Wilson Jones Ledger-Size, Piano-Hinge Binder, 2"", Blue",32.784,4,0.8,-52.4544
US-2017-104661,1/15/17,1/18/17,First Class,TB-21250,Tim Brockman,Consumer,United States,Austin,Texas,78745,Central,TEC-AC-10003628,Technology,Accessories,Logitech 910-002974 M325 Wireless Mouse for Web Scrolling,47.984,2,0.2,14.3952
US-2017-104661,1/15/17,1/18/17,First Class,TB-21250,Tim Brockman,Consumer,United States,Austin,Texas,78745,Central,TEC-AC-10002331,Technology,Accessories,"Maxell 74 Minute CDR, 10/Pack",62.592,8,0.2,13.3008
US-2017-104661,1/15/17,1/18/17,First Class,TB-21250,Tim Brockman,Consumer,United States,Austin,Texas,78745,Central,OFF-BI-10001098,Office Supplies,Binders,Acco D-Ring Binder w/DublLock,4.276,1,0.8,-6.6278
US-2017-116897,5/27/17,5/29/17,First Class,JG-15160,James Galang,Consumer,United States,Pocatello,Idaho,83201,West,FUR-FU-10004963,Furniture,Furnishings,"Eldon 400 Class Desk Accessories, Black Carbon",35,4,0,14.7
US-2017-116897,5/27/17,5/29/17,First Class,JG-15160,James Galang,Consumer,United States,Pocatello,Idaho,83201,West,OFF-ST-10000025,Office Supplies,Storage,Fellowes Stor/Drawer Steel Plus Storage Drawers,477.15,5,0,28.629
US-2017-116897,5/27/17,5/29/17,First Class,JG-15160,James Galang,Consumer,United States,Pocatello,Idaho,83201,West,TEC-PH-10004389,Technology,Phones,Nokia Lumia 925,302.376,3,0.2,22.6782
US-2017-113992,12/14/17,12/19/17,Standard Class,LC-16885,Lena Creighton,Consumer,United States,Plano,Texas,75023,Central,FUR-TA-10000577,Furniture,Tables,Bretford CR4500 Series Slim Rectangular Table,974.988,4,0.3,-97.4988
US-2017-119816,3/4/17,3/6/17,Second Class,TT-21460,Tonja Turnell,Home Office,United States,Houston,Texas,77095,Central,FUR-FU-10004848,Furniture,Furnishings,"Howard Miller 13-3/4"" Diameter Brushed Chrome Round Wall Clock",103.5,5,0.6,-77.625
US-2017-119816,3/4/17,3/6/17,Second Class,TT-21460,Tonja Turnell,Home Office,United States,Houston,Texas,77095,Central,OFF-LA-10002381,Office Supplies,Labels,Avery 497,2.464,1,0.2,0.8624
US-2017-119816,3/4/17,3/6/17,Second Class,TT-21460,Tonja Turnell,Home Office,United States,Houston,Texas,77095,Central,OFF-ST-10000918,Office Supplies,Storage,Crate-A-Files,8.72,1,0.2,0.654
US-2015-110261,12/19/15,12/23/15,Second Class,PR-18880,Patrick Ryan,Consumer,United States,Glenview,Illinois,60025,Central,TEC-PH-10001750,Technology,Phones,Samsung Rugby III,158.376,3,0.2,13.8579
US-2017-133361,5/14/17,5/17/17,First Class,AJ-10780,Anthony Jacobs,Corporate,United States,Baltimore,Maryland,21215,East,OFF-AR-10001919,Office Supplies,Art,"OIC #2 Pencils, Medium Soft",3.76,2,0,1.0904
US-2017-133361,5/14/17,5/17/17,First Class,AJ-10780,Anthony Jacobs,Corporate,United States,Baltimore,Maryland,21215,East,OFF-AR-10003045,Office Supplies,Art,Prang Colored Pencils,14.7,5,0,6.615
US-2017-133361,5/14/17,5/17/17,First Class,AJ-10780,Anthony Jacobs,Corporate,United States,Baltimore,Maryland,21215,East,OFF-AR-10003338,Office Supplies,Art,"Eberhard Faber 3 1/2"" Golf Pencils",37.2,5,0,9.3
US-2017-133361,5/14/17,5/17/17,First Class,AJ-10780,Anthony Jacobs,Corporate,United States,Baltimore,Maryland,21215,East,TEC-AC-10003280,Technology,Accessories,Belkin F8E887 USB Wired Ergonomic Keyboard,89.97,3,0,18.8937
US-2017-133361,5/14/17,5/17/17,First Class,AJ-10780,Anthony Jacobs,Corporate,United States,Baltimore,Maryland,21215,East,FUR-CH-10003298,Furniture,Chairs,"Office Star - Contemporary Task Swivel chair with Loop Arms, Charcoal",261.96,2,0,23.5764
US-2017-133361,5/14/17,5/17/17,First Class,AJ-10780,Anthony Jacobs,Corporate,United States,Baltimore,Maryland,21215,East,OFF-LA-10004544,Office Supplies,Labels,Avery 505,74,5,0,37
US-2016-155404,9/22/16,9/28/16,Standard Class,AS-10630,Ann Steele,Home Office,United States,Louisville,Kentucky,40214,South,FUR-FU-10004586,Furniture,Furnishings,G.E. Longer-Life Indoor Recessed Floodlight Bulbs,13.28,2,0,6.3744
US-2017-148866,9/19/17,9/24/17,Standard Class,JM-15535,Jessica Myrick,Consumer,United States,New York City,New York,10011,East,OFF-PA-10004782,Office Supplies,Paper,Xerox 228,32.4,5,0,15.552
US-2016-128909,10/9/16,10/11/16,Second Class,SP-20545,Sibella Parks,Corporate,United States,Philadelphia,Pennsylvania,19143,East,OFF-PA-10001593,Office Supplies,Paper,Xerox 1947,19.136,4,0.2,5.98
US-2016-128909,10/9/16,10/11/16,Second Class,SP-20545,Sibella Parks,Corporate,United States,Philadelphia,Pennsylvania,19143,East,FUR-FU-10004071,Furniture,Furnishings,Luxo Professional Magnifying Clamp-On Fluorescent Lamps,332.832,4,0.2,-24.9624
US-2017-116652,9/15/17,9/19/17,Standard Class,RD-19480,Rick Duston,Consumer,United States,San Francisco,California,94122,West,FUR-CH-10002961,Furniture,Chairs,"Leather Task Chair, Black",218.352,3,0.2,0
US-2017-116652,9/15/17,9/19/17,Standard Class,RD-19480,Rick Duston,Consumer,United States,San Francisco,California,94122,West,FUR-FU-10001488,Furniture,Furnishings,"Tenex 46"" x 60"" Computer Anti-Static Chairmat, Rectangular Shaped",529.9,5,0,105.98
US-2017-116652,9/15/17,9/19/17,Standard Class,RD-19480,Rick Duston,Consumer,United States,San Francisco,California,94122,West,OFF-AR-10001915,Office Supplies,Art,Peel-Off China Markers,99.3,10,0,41.706
US-2017-116652,9/15/17,9/19/17,Standard Class,RD-19480,Rick Duston,Consumer,United States,San Francisco,California,94122,West,OFF-AP-10001205,Office Supplies,Appliances,Belkin 5 Outlet SurgeMaster Power Centers,108.96,2,0,30.5088
US-2017-116652,9/15/17,9/19/17,Standard Class,RD-19480,Rick Duston,Consumer,United States,San Francisco,California,94122,West,OFF-BI-10004528,Office Supplies,Binders,Cardinal Poly Pocket Divider Pockets for Ring Binders,2.688,1,0.2,0.84
US-2017-107384,12/4/17,12/8/17,Standard Class,TP-21130,Theone Pippenger,Consumer,United States,Rochester,Minnesota,55901,Central,OFF-AR-10001315,Office Supplies,Art,Newell 310,8.8,5,0,2.552
US-2017-107384,12/4/17,12/8/17,Standard Class,TP-21130,Theone Pippenger,Consumer,United States,Rochester,Minnesota,55901,Central,TEC-AC-10004595,Technology,Accessories,First Data TMFD35 PIN Pad,142.8,1,0,29.988
US-2017-107384,12/4/17,12/8/17,Standard Class,TP-21130,Theone Pippenger,Consumer,United States,Rochester,Minnesota,55901,Central,TEC-AC-10001539,Technology,Accessories,Logitech G430 Surround Sound Gaming Headset with Dolby 7.1 Technology,399.95,5,0,143.982
US-2017-107888,11/16/17,11/19/17,First Class,CC-12220,Chris Cortes,Consumer,United States,Seattle,Washington,98103,West,OFF-PA-10001363,Office Supplies,Paper,Xerox 1933,73.68,6,0,34.6296
US-2017-107888,11/16/17,11/19/17,First Class,CC-12220,Chris Cortes,Consumer,United States,Seattle,Washington,98103,West,FUR-FU-10003394,Furniture,Furnishings,"Tenex ""The Solids"" Textured Chair Mats",139.92,2,0,23.7864
US-2017-107888,11/16/17,11/19/17,First Class,CC-12220,Chris Cortes,Consumer,United States,Seattle,Washington,98103,West,TEC-PH-10003171,Technology,Phones,Plantronics Encore H101 Dual Earpieces Headset,107.88,3,0.2,10.788
US-2017-107888,11/16/17,11/19/17,First Class,CC-12220,Chris Cortes,Consumer,United States,Seattle,Washington,98103,West,OFF-ST-10003123,Office Supplies,Storage,Fellowes Bases and Tops For Staxonsteel/High-Stak Systems,33.29,1,0,7.9896
US-2017-154872,5/14/17,5/18/17,Standard Class,DP-13000,Darren Powers,Consumer,United States,Cleveland,Ohio,44105,East,OFF-BI-10003007,Office Supplies,Binders,"Premium Transparent Presentation Covers, No Pattern/Clear, 8 1/2"" x 11""",58.17,5,0.7,-46.536
US-2017-154872,5/14/17,5/18/17,Standard Class,DP-13000,Darren Powers,Consumer,United States,Cleveland,Ohio,44105,East,OFF-LA-10000973,Office Supplies,Labels,Avery 502,5.04,2,0.2,1.764
US-2017-154872,5/14/17,5/18/17,Standard Class,DP-13000,Darren Powers,Consumer,United States,Cleveland,Ohio,44105,East,OFF-PA-10000483,Office Supplies,Paper,Xerox 19,24.784,1,0.2,7.745
US-2015-164966,7/30/15,8/1/15,First Class,GH-14410,Gary Hansen,Home Office,United States,Lakeville,Minnesota,55044,Central,FUR-CH-10002304,Furniture,Chairs,"Global Stack Chair without Arms, Black",155.88,6,0,38.97
US-2015-118906,3/10/15,3/10/15,Same Day,KB-16585,Ken Black,Corporate,United States,Clinton,Maryland,20735,East,OFF-ST-10002406,Office Supplies,Storage,Pizazz Global Quick File,89.82,6,0,25.1496
US-2017-167402,1/13/17,1/18/17,Second Class,CP-12085,Cathy Prescott,Corporate,United States,Springfield,Missouri,65807,Central,OFF-PA-10004983,Office Supplies,Paper,Xerox 23,32.4,5,0,15.552
US-2017-167402,1/13/17,1/18/17,Second Class,CP-12085,Cathy Prescott,Corporate,United States,Springfield,Missouri,65807,Central,OFF-AR-10004010,Office Supplies,Art,Hunt Boston Vacuum Mount KS Pencil Sharpener,209.94,6,0,54.5844
US-2017-167402,1/13/17,1/18/17,Second Class,CP-12085,Cathy Prescott,Corporate,United States,Springfield,Missouri,65807,Central,OFF-SU-10002881,Office Supplies,Supplies,Martin Yale Chadless Opener Electric Letter Opener,4164.05,5,0,83.281
US-2017-167402,1/13/17,1/18/17,Second Class,CP-12085,Cathy Prescott,Corporate,United States,Springfield,Missouri,65807,Central,FUR-BO-10001608,Furniture,Bookcases,"Hon Metal Bookcases, Black",212.94,3,0,53.235
US-2016-146857,5/6/16,5/8/16,Second Class,BE-11455,Brad Eason,Home Office,United States,Springfield,Missouri,65807,Central,OFF-AP-10001205,Office Supplies,Appliances,Belkin 5 Outlet SurgeMaster Power Centers,54.48,1,0,15.2544
US-2015-156496,8/10/15,8/16/15,Standard Class,WB-21850,William Brown,Consumer,United States,Redmond,Oregon,97756,West,TEC-PH-10000576,Technology,Phones,AT&T 1080 Corded phone,438.368,4,0.2,38.3572
US-2015-156496,8/10/15,8/16/15,Standard Class,WB-21850,William Brown,Consumer,United States,Redmond,Oregon,97756,West,TEC-PH-10004188,Technology,Phones,OtterBox Commuter Series Case - Samsung Galaxy S4,139.944,7,0.2,-31.4874
US-2015-156496,8/10/15,8/16/15,Standard Class,WB-21850,William Brown,Consumer,United States,Redmond,Oregon,97756,West,OFF-AP-10001469,Office Supplies,Appliances,Fellowes 8 Outlet Superior Workstation Surge Protector,133.472,4,0.2,15.0156
US-2016-127334,12/15/16,12/21/16,Standard Class,MP-18175,Mike Pelletier,Home Office,United States,Springfield,Oregon,97477,West,FUR-TA-10003473,Furniture,Tables,Bretford Rectangular Conference Table Tops,564.195,3,0.5,-304.6653
US-2016-127334,12/15/16,12/21/16,Standard Class,MP-18175,Mike Pelletier,Home Office,United States,Springfield,Oregon,97477,West,OFF-AP-10001205,Office Supplies,Appliances,Belkin 5 Outlet SurgeMaster Power Centers,87.168,2,0.2,8.7168
US-2017-124779,9/8/17,9/11/17,First Class,BF-11020,Barry Französisch,Corporate,United States,Arlington,Texas,76017,Central,OFF-BI-10002429,Office Supplies,Binders,"Premier Elliptical Ring Binder, Black",42.616,7,0.8,-68.1856
US-2017-124779,9/8/17,9/11/17,First Class,BF-11020,Barry Französisch,Corporate,United States,Arlington,Texas,76017,Central,TEC-CO-10001943,Technology,Copiers,Canon PC-428 Personal Copier,319.984,2,0.2,107.9946
US-2017-124779,9/8/17,9/11/17,First Class,BF-11020,Barry Französisch,Corporate,United States,Arlington,Texas,76017,Central,OFF-FA-10004854,Office Supplies,Fasteners,"Vinyl Coated Wire Paper Clips in Organizer Box, 800/Box",45.92,5,0.2,15.498
US-2017-124779,9/8/17,9/11/17,First Class,BF-11020,Barry Französisch,Corporate,United States,Arlington,Texas,76017,Central,FUR-FU-10001095,Furniture,Furnishings,DAX Black Cherry Wood-Tone Poster Frame,21.184,2,0.6,-11.6512
US-2017-124779,9/8/17,9/11/17,First Class,BF-11020,Barry Französisch,Corporate,United States,Arlington,Texas,76017,Central,OFF-PA-10000061,Office Supplies,Paper,Xerox 205,20.736,4,0.2,7.2576
US-2017-124779,9/8/17,9/11/17,First Class,BF-11020,Barry Französisch,Corporate,United States,Arlington,Texas,76017,Central,FUR-CH-10003535,Furniture,Chairs,"Global Armless Task Chair, Royal Blue",213.43,5,0.3,-39.637
US-2015-129637,12/17/15,12/22/15,Standard Class,MC-18100,Mick Crebagga,Consumer,United States,Bloomington,Illinois,61701,Central,OFF-ST-10003716,Office Supplies,Storage,Tennsco Double-Tier Lockers,180.016,1,0.2,-15.7514
US-2015-129637,12/17/15,12/22/15,Standard Class,MC-18100,Mick Crebagga,Consumer,United States,Bloomington,Illinois,61701,Central,FUR-FU-10000965,Furniture,Furnishings,"Howard Miller 11-1/2"" Diameter Ridgewood Wall Clock",41.552,2,0.6,-19.7372
US-2015-129637,12/17/15,12/22/15,Standard Class,MC-18100,Mick Crebagga,Consumer,United States,Bloomington,Illinois,61701,Central,OFF-AR-10003829,Office Supplies,Art,Newell 35,13.12,5,0.2,1.476
US-2017-165869,7/31/17,8/5/17,Standard Class,LS-17200,Luke Schmidt,Corporate,United States,Milwaukee,Wisconsin,53209,Central,OFF-BI-10003460,Office Supplies,Binders,Acco 3-Hole Punch,17.52,4,0,8.4096
US-2017-165869,7/31/17,8/5/17,Standard Class,LS-17200,Luke Schmidt,Corporate,United States,Milwaukee,Wisconsin,53209,Central,OFF-AP-10002472,Office Supplies,Appliances,3M Office Air Cleaner,155.88,6,0,54.558
US-2016-163538,8/26/16,8/30/16,Standard Class,SS-20515,Shirley Schmidt,Home Office,United States,Franklin,Wisconsin,53132,Central,TEC-AC-10002006,Technology,Accessories,Memorex Micro Travel Drive 16 GB,47.97,3,0,14.8707
US-2016-155103,12/2/16,12/7/16,Standard Class,JF-15190,Jamie Frazer,Consumer,United States,New York City,New York,10024,East,OFF-BI-10004318,Office Supplies,Binders,Ibico EB-19 Dual Function Manual Binding System,415.176,3,0.2,134.9322
US-2016-155103,12/2/16,12/7/16,Standard Class,JF-15190,Jamie Frazer,Consumer,United States,New York City,New York,10024,East,OFF-BI-10004236,Office Supplies,Binders,"XtraLife ClearVue Slant-D Ring Binder, White, 3""",35.232,3,0.2,11.4504
US-2016-155103,12/2/16,12/7/16,Standard Class,JF-15190,Jamie Frazer,Consumer,United States,New York City,New York,10024,East,OFF-PA-10000062,Office Supplies,Paper,Green Bar Computer Printout Paper,54.96,1,0,26.9304
US-2017-166394,9/4/17,9/6/17,Second Class,VM-21835,Vivian Mathis,Consumer,United States,Nashua,New Hampshire,3060,East,OFF-FA-10001843,Office Supplies,Fasteners,Staples,14.82,6,0,6.9654
US-2017-101784,7/6/17,7/11/17,Standard Class,PO-18850,Patrick O'Brill,Consumer,United States,Los Angeles,California,90008,West,FUR-CH-10001146,Furniture,Chairs,"Global Task Chair, Black",122.136,3,0.2,-13.7403
US-2016-152373,9/5/16,9/11/16,Standard Class,PT-19090,Pete Takahito,Consumer,United States,San Antonio,Texas,78207,Central,OFF-ST-10003479,Office Supplies,Storage,"Eldon Base for stackable storage shelf, platinum",93.456,3,0.2,-17.523
US-2017-166037,1/28/17,2/1/17,Standard Class,CL-12700,Craig Leslie,Home Office,United States,New York City,New York,10009,East,TEC-AC-10002800,Technology,Accessories,Plantronics Audio 478 Stereo USB Headset,449.91,9,0,157.4685
US-2016-147711,9/3/16,9/8/16,Second Class,HF-14995,Herbert Flentye,Consumer,United States,Baltimore,Maryland,21215,East,FUR-BO-10003159,Furniture,Bookcases,"Sauder Camden County Collection Libraries, Planked Cherry Finish",344.94,3,0,31.0446
US-2016-147711,9/3/16,9/8/16,Second Class,HF-14995,Herbert Flentye,Consumer,United States,Baltimore,Maryland,21215,East,FUR-FU-10002364,Furniture,Furnishings,"Eldon Expressions Wood Desk Accessories, Oak",14.76,2,0,4.2804
US-2016-147711,9/3/16,9/8/16,Second Class,HF-14995,Herbert Flentye,Consumer,United States,Baltimore,Maryland,21215,East,OFF-BI-10003350,Office Supplies,Binders,Acco Expandable Hanging Binders,12.76,2,0,5.8696
US-2016-147711,9/3/16,9/8/16,Second Class,HF-14995,Herbert Flentye,Consumer,United States,Baltimore,Maryland,21215,East,OFF-LA-10004093,Office Supplies,Labels,Avery 486,58.48,8,0,27.4856
US-2017-115609,11/2/17,11/7/17,Standard Class,CS-12505,Cindy Stewart,Consumer,United States,Los Angeles,California,90036,West,OFF-AP-10003040,Office Supplies,Appliances,Fellowes 8 Outlet Superior Workstation Surge Protector w/o Phone/Fax/Modem Protection,168.1,5,0,43.706
US-2017-123204,7/21/17,7/27/17,Standard Class,CS-11860,Cari Schnelling,Consumer,United States,New York City,New York,10024,East,OFF-AP-10002287,Office Supplies,Appliances,"Eureka Sanitaire  Multi-Pro Heavy-Duty Upright, Disposable Bags",17.48,4,0,4.5448
US-2016-159093,5/9/16,5/14/16,Standard Class,RS-19420,Ricardo Sperren,Corporate,United States,Los Angeles,California,90036,West,OFF-PA-10001260,Office Supplies,Paper,"TOPS Money Receipt Book, Consecutively Numbered in Red,",32.04,4,0,14.418
US-2016-163461,6/18/16,6/21/16,First Class,BT-11440,Bobby Trafton,Consumer,United States,Frankfort,Illinois,60423,Central,OFF-PA-10003134,Office Supplies,Paper,Xerox 1937,76.864,2,0.2,26.9024
US-2016-100461,1/8/16,1/12/16,Standard Class,JO-15145,Jack O'Briant,Corporate,United States,Franklin,Wisconsin,53132,Central,FUR-BO-10002545,Furniture,Bookcases,"Atlantic Metals Mobile 3-Shelf Bookcases, Custom Colors",1565.88,6,0,407.1288
US-2016-100461,1/8/16,1/12/16,Standard Class,JO-15145,Jack O'Briant,Corporate,United States,Franklin,Wisconsin,53132,Central,OFF-BI-10001460,Office Supplies,Binders,Plastic Binding Combs,106.05,7,0,49.8435
US-2017-162670,12/23/17,12/28/17,Second Class,MF-18250,Monica Federle,Corporate,United States,Little Rock,Arkansas,72209,South,OFF-ST-10001328,Office Supplies,Storage,"Personal Filing Tote with Lid, Black/Gray",62.04,4,0,17.3712
US-2017-162670,12/23/17,12/28/17,Second Class,MF-18250,Monica Federle,Corporate,United States,Little Rock,Arkansas,72209,South,TEC-PH-10003601,Technology,Phones,"Ativa D5772 2-Line 5.8GHz Digital Expandable Corded/Cordless Phone System with Answering & Caller ID/Call Waiting, Black/Silver",494.97,3,0,148.491
US-2017-162670,12/23/17,12/28/17,Second Class,MF-18250,Monica Federle,Corporate,United States,Little Rock,Arkansas,72209,South,OFF-ST-10001522,Office Supplies,Storage,"Gould Plastics 18-Pocket Panel Bin, 34w x 5-1/4d x 20-1/2h",367.96,4,0,14.7184
US-2017-162670,12/23/17,12/28/17,Second Class,MF-18250,Monica Federle,Corporate,United States,Little Rock,Arkansas,72209,South,OFF-PA-10001994,Office Supplies,Paper,"Ink Jet Note and Greeting Cards, 8-1/2"" x 5-1/2"" Card Size",44.96,2,0,20.6816
US-2017-162670,12/23/17,12/28/17,Second Class,MF-18250,Monica Federle,Corporate,United States,Little Rock,Arkansas,72209,South,OFF-EN-10001453,Office Supplies,Envelopes,"Tyvek Interoffice Envelopes, 9 1/2"" x 12 1/2"", 100/Box",182.94,3,0,85.9818
US-2016-126452,8/21/16,8/28/16,Standard Class,SC-20230,Scot Coram,Corporate,United States,Los Angeles,California,90004,West,OFF-BI-10004465,Office Supplies,Binders,Avery Durable Slant Ring Binders,12.672,2,0.2,4.752
US-2016-126452,8/21/16,8/28/16,Standard Class,SC-20230,Scot Coram,Corporate,United States,Los Angeles,California,90004,West,TEC-PH-10003555,Technology,Phones,Motorola HK250 Universal Bluetooth Headset,91.96,5,0.2,-20.691
US-2016-126452,8/21/16,8/28/16,Standard Class,SC-20230,Scot Coram,Corporate,United States,Los Angeles,California,90004,West,TEC-AC-10000844,Technology,Accessories,Logitech Gaming G510s - Keyboard,254.97,3,0,91.7892
US-2016-126452,8/21/16,8/28/16,Standard Class,SC-20230,Scot Coram,Corporate,United States,Los Angeles,California,90004,West,TEC-PH-10003187,Technology,Phones,Anker Astro Mini 3000mAh Ultra-Compact Portable Charger,31.984,2,0.2,-7.996
US-2016-126452,8/21/16,8/28/16,Standard Class,SC-20230,Scot Coram,Corporate,United States,Los Angeles,California,90004,West,FUR-TA-10003569,Furniture,Tables,Bretford CR8500 Series Meeting Room Furniture,2887.056,9,0.2,180.441
US-2016-126452,8/21/16,8/28/16,Standard Class,SC-20230,Scot Coram,Corporate,United States,Los Angeles,California,90004,West,OFF-PA-10003848,Office Supplies,Paper,Xerox 1997,12.96,2,0,6.2208
US-2016-126452,8/21/16,8/28/16,Standard Class,SC-20230,Scot Coram,Corporate,United States,Los Angeles,California,90004,West,OFF-PA-10002606,Office Supplies,Paper,Xerox 1928,47.52,9,0,21.384
US-2016-121013,9/5/16,9/10/16,Standard Class,MM-17920,Michael Moore,Consumer,United States,Chesapeake,Virginia,23320,South,OFF-LA-10004545,Office Supplies,Labels,Avery 50,25.06,2,0,11.7782
US-2016-121013,9/5/16,9/10/16,Standard Class,MM-17920,Michael Moore,Consumer,United States,Chesapeake,Virginia,23320,South,FUR-TA-10003238,Furniture,Tables,"Chromcraft Bull-Nose Wood 48"" x 96"" Rectangular Conference Tables",1652.94,3,0,314.0586
US-2015-123918,10/15/15,10/15/15,Same Day,CG-12520,Claire Gute,Consumer,United States,Dallas,Texas,75217,Central,FUR-FU-10004952,Furniture,Furnishings,"C-Line Cubicle Keepers Polyproplyene Holder w/Velcro Back, 8-1/2x11, 25/Bx",131.376,6,0.6,-95.2476
US-2015-123918,10/15/15,10/15/15,Same Day,CG-12520,Claire Gute,Consumer,United States,Dallas,Texas,75217,Central,OFF-PA-10003001,Office Supplies,Paper,Xerox 1986,5.344,1,0.2,1.8704
US-2015-165512,5/24/15,5/26/15,Second Class,VS-21820,Vivek Sundaresam,Consumer,United States,Naperville,Illinois,60540,Central,FUR-CH-10002880,Furniture,Chairs,"Global High-Back Leather Tilter, Burgundy",602.651,7,0.3,-163.5767
US-2015-165512,5/24/15,5/26/15,Second Class,VS-21820,Vivek Sundaresam,Consumer,United States,Naperville,Illinois,60540,Central,OFF-BI-10001249,Office Supplies,Binders,Avery Heavy-Duty EZD View Binder with Locking Rings,7.656,6,0.8,-13.0152
US-2017-135013,7/24/17,7/24/17,Same Day,HR-14830,Harold Ryan,Corporate,United States,Huntington Beach,California,92646,West,TEC-CO-10001449,Technology,Copiers,Hewlett Packard LaserJet 3310 Copier,2399.96,5,0.2,839.986
US-2017-149006,12/6/17,12/8/17,Second Class,BN-11470,Brad Norvell,Corporate,United States,Brentwood,California,94513,West,OFF-ST-10003221,Office Supplies,Storage,Staple magnet,10.68,1,0,2.8836
US-2017-135503,12/10/17,12/15/17,Standard Class,JE-16165,Justin Ellison,Corporate,United States,North Charleston,South Carolina,29406,South,FUR-FU-10002364,Furniture,Furnishings,"Eldon Expressions Wood Desk Accessories, Oak",14.76,2,0,4.2804
US-2017-115301,7/29/17,8/2/17,Standard Class,VG-21790,Vivek Gonzalez,Consumer,United States,Seattle,Washington,98103,West,FUR-BO-10004709,Furniture,Bookcases,"Bush Westfield Collection Bookcases, Medium Cherry Finish",115.96,2,0,25.5112
US-2017-128398,5/2/17,5/5/17,Second Class,EM-13825,Elizabeth Moffitt,Corporate,United States,Los Angeles,California,90049,West,TEC-AC-10001714,Technology,Accessories,Logitech MX Performance Wireless Mouse,159.56,4,0,59.0372
US-2016-119298,11/25/16,11/28/16,First Class,EP-13915,Emily Phan,Consumer,United States,Jonesboro,Arkansas,72401,South,TEC-PH-10002564,Technology,Phones,OtterBox Defender Series Case - Samsung Galaxy S4,59.98,2,0,17.994
US-2016-134369,9/16/16,9/22/16,Standard Class,BC-11125,Becky Castell,Home Office,United States,Laguna Niguel,California,92677,West,OFF-PA-10002195,Office Supplies,Paper,Xerox 1966,12.96,2,0,6.3504
US-2014-135881,5/23/14,5/27/14,Standard Class,GT-14710,Greg Tran,Consumer,United States,New York City,New York,10035,East,OFF-BI-10000829,Office Supplies,Binders,Avery Non-Stick Binders,17.96,5,0.2,5.837
US-2014-135881,5/23/14,5/27/14,Standard Class,GT-14710,Greg Tran,Consumer,United States,New York City,New York,10035,East,OFF-SU-10003002,Office Supplies,Supplies,Letter Slitter,5.04,2,0,0.1512
US-2014-135881,5/23/14,5/27/14,Standard Class,GT-14710,Greg Tran,Consumer,United States,New York City,New York,10035,East,OFF-AP-10002118,Office Supplies,Appliances,"1.7 Cubic Foot Compact ""Cube"" Office Refrigerators",208.16,1,0,56.2032
US-2016-154256,6/23/16,6/27/16,Second Class,SM-20005,Sally Matthias,Consumer,United States,New York City,New York,10035,East,OFF-LA-10003720,Office Supplies,Labels,Avery 487,25.83,7,0,12.1401
US-2017-101840,2/6/17,2/12/17,Standard Class,SP-20545,Sibella Parks,Corporate,United States,New York City,New York,10024,East,TEC-PH-10002538,Technology,Phones,Grandstream GXP1160 VoIP phone,227.46,6,0,65.9634
US-2017-101840,2/6/17,2/12/17,Standard Class,SP-20545,Sibella Parks,Corporate,United States,New York City,New York,10024,East,OFF-BI-10000279,Office Supplies,Binders,"Acco Recycled 2"" Capacity Laser Printer Hanging Data Binders",46.24,4,0.2,15.606
US-2016-157840,12/20/16,12/23/16,Second Class,MC-17575,Matt Collins,Consumer,United States,Fremont,Nebraska,68025,Central,OFF-PA-10003673,Office Supplies,Paper,Strathmore Photo Mount Cards,33.9,5,0,15.594
US-2017-165358,7/18/17,7/23/17,Standard Class,SV-20365,Seth Vernon,Consumer,United States,Philadelphia,Pennsylvania,19134,East,TEC-CO-10001943,Technology,Copiers,Canon PC-428 Personal Copier,599.97,5,0.4,69.9965
US-2017-165358,7/18/17,7/23/17,Standard Class,SV-20365,Seth Vernon,Consumer,United States,Philadelphia,Pennsylvania,19134,East,FUR-CH-10002647,Furniture,Chairs,"Situations Contoured Folding Chairs, 4/Set",198.744,4,0.3,-14.196
US-2017-165358,7/18/17,7/23/17,Standard Class,SV-20365,Seth Vernon,Consumer,United States,Philadelphia,Pennsylvania,19134,East,OFF-SU-10004768,Office Supplies,Supplies,Acme Kleencut Forged Steel Scissors,9.184,2,0.2,1.148
US-2017-143175,8/3/17,8/6/17,Second Class,GA-14515,George Ashbrook,Consumer,United States,Los Angeles,California,90004,West,OFF-ST-10003123,Office Supplies,Storage,Fellowes Bases and Tops For Staxonsteel/High-Stak Systems,99.87,3,0,23.9688
US-2015-153374,2/9/15,2/13/15,Second Class,JF-15565,Jill Fjeld,Consumer,United States,Decatur,Illinois,62521,Central,TEC-AC-10001908,Technology,Accessories,Logitech Wireless Headset h800,479.952,6,0.2,89.991
US-2016-102239,5/5/16,5/6/16,First Class,LW-16990,Lindsay Williams,Corporate,United States,Henderson,Nevada,89015,West,FUR-TA-10003392,Furniture,Tables,Global Adaptabilities Conference Tables,1685.88,6,0,320.3172
US-2016-102239,5/5/16,5/6/16,First Class,LW-16990,Lindsay Williams,Corporate,United States,Henderson,Nevada,89015,West,OFF-BI-10001890,Office Supplies,Binders,Avery Poly Binder Pockets,5.728,2,0.2,2.0048
US-2014-147774,1/20/14,1/26/14,Standard Class,MM-18280,Muhammed MacIntyre,Corporate,United States,Smyrna,Tennessee,37167,South,OFF-BI-10003091,Office Supplies,Binders,GBC DocuBind TL200 Manual Binding Machine,67.194,1,0.7,-51.5154
US-2016-117541,11/14/16,11/20/16,Standard Class,JM-16195,Justin MacKendrick,Consumer,United States,Newark,Delaware,19711,East,OFF-PA-10001609,Office Supplies,Paper,Tops Wirebound Message Log Books,16.45,5,0,7.567
US-2016-117541,11/14/16,11/20/16,Standard Class,JM-16195,Justin MacKendrick,Consumer,United States,Newark,Delaware,19711,East,FUR-FU-10000550,Furniture,Furnishings,Stacking Trays by OIC,19.92,4,0,6.5736
US-2017-141558,3/11/17,3/16/17,Standard Class,MH-17290,Marc Harrigan,Home Office,United States,Philadelphia,Pennsylvania,19140,East,TEC-PH-10002555,Technology,Phones,Nortel Meridian M5316 Digital phone,776.85,5,0.4,-181.265
US-2017-141558,3/11/17,3/16/17,Standard Class,MH-17290,Marc Harrigan,Home Office,United States,Philadelphia,Pennsylvania,19140,East,OFF-BI-10002794,Office Supplies,Binders,"Avery Trapezoid Ring Binder, 3"" Capacity, Black, 1040 sheets",12.294,1,0.7,-8.6058
US-2017-141558,3/11/17,3/16/17,Standard Class,MH-17290,Marc Harrigan,Home Office,United States,Philadelphia,Pennsylvania,19140,East,FUR-TA-10004086,Furniture,Tables,KI Adjustable-Height Table,154.764,3,0.4,-46.4292
US-2017-141558,3/11/17,3/16/17,Standard Class,MH-17290,Marc Harrigan,Home Office,United States,Philadelphia,Pennsylvania,19140,East,OFF-ST-10004946,Office Supplies,Storage,Desktop 3-Pocket Hot File,43.28,1,0.2,3.246
US-2015-136749,12/25/15,12/27/15,Second Class,LH-16900,Lena Hernandez,Consumer,United States,Columbus,Georgia,31907,South,FUR-FU-10000747,Furniture,Furnishings,Tenex B1-RE Series Chair Mats for Low Pile Carpets,275.88,6,0,46.8996
US-2015-136749,12/25/15,12/27/15,Second Class,LH-16900,Lena Hernandez,Consumer,United States,Columbus,Georgia,31907,South,OFF-BI-10004492,Office Supplies,Binders,Tuf-Vin Binders,157.9,5,0,74.213
US-2017-168613,10/8/17,10/14/17,Standard Class,GM-14440,Gary McGarr,Consumer,United States,New York City,New York,10009,East,FUR-CH-10002372,Furniture,Chairs,Office Star - Ergonomically Designed Knee Chair,145.764,2,0.1,3.2392
US-2017-141677,3/26/17,3/30/17,Standard Class,HK-14890,Heather Kirkland,Corporate,United States,Houston,Texas,77070,Central,TEC-AC-10000158,Technology,Accessories,Sony 64GB Class 10 Micro SDHC R40 Memory Card,143.96,5,0.2,1.7995
US-2017-141677,3/26/17,3/30/17,Standard Class,HK-14890,Heather Kirkland,Corporate,United States,Houston,Texas,77070,Central,TEC-CO-10002313,Technology,Copiers,Canon PC1080F Personal Copier,2399.96,5,0.2,569.9905
US-2017-141677,3/26/17,3/30/17,Standard Class,HK-14890,Heather Kirkland,Corporate,United States,Houston,Texas,77070,Central,OFF-PA-10002581,Office Supplies,Paper,Xerox 1951,74.352,3,0.2,23.235
US-2017-141677,3/26/17,3/30/17,Standard Class,HK-14890,Heather Kirkland,Corporate,United States,Houston,Texas,77070,Central,OFF-AP-10001205,Office Supplies,Appliances,Belkin 5 Outlet SurgeMaster Power Centers,87.168,8,0.8,-226.6368
US-2017-141677,3/26/17,3/30/17,Standard Class,HK-14890,Heather Kirkland,Corporate,United States,Houston,Texas,77070,Central,OFF-ST-10000344,Office Supplies,Storage,"Neat Ideas Personal Hanging Folder Files, Black",32.232,3,0.2,2.4174
US-2016-144351,11/14/16,11/18/16,Standard Class,RC-19960,Ryan Crowe,Consumer,United States,Baltimore,Maryland,21215,East,TEC-PH-10001644,Technology,Phones,"BlueLounge Milo Smartphone Stand, White/Metallic",89.97,3,0,25.1916
US-2015-156797,8/11/15,8/15/15,Standard Class,PO-19180,Philisse Overcash,Home Office,United States,New York City,New York,10035,East,OFF-AR-10001427,Office Supplies,Art,Newell 330,11.96,2,0,3.1096
US-2015-156797,8/11/15,8/15/15,Standard Class,PO-19180,Philisse Overcash,Home Office,United States,New York City,New York,10035,East,TEC-PH-10004614,Technology,Phones,AT&T 841000 Phone,138,2,0,34.5
US-2016-119046,6/2/16,6/6/16,Standard Class,EH-13765,Edward Hooks,Corporate,United States,Seattle,Washington,98115,West,OFF-PA-10000246,Office Supplies,Paper,Riverleaf Stik-Withit Designer Note Cubes,30.18,3,0,13.8828
US-2016-119046,6/2/16,6/6/16,Standard Class,EH-13765,Edward Hooks,Corporate,United States,Seattle,Washington,98115,West,OFF-BI-10001078,Office Supplies,Binders,"Acco PRESSTEX Data Binder with Storage Hooks, Dark Blue, 14 7/8"" X 11""",51.648,12,0.2,18.7224
US-2016-119046,6/2/16,6/6/16,Standard Class,EH-13765,Edward Hooks,Corporate,United States,Seattle,Washington,98115,West,OFF-BI-10000138,Office Supplies,Binders,Acco Translucent Poly Ring Binders,11.232,3,0.2,3.9312
US-2017-104437,1/27/17,1/31/17,Standard Class,TG-21310,Toby Gnade,Consumer,United States,New York City,New York,10035,East,TEC-PH-10000193,Technology,Phones,Jensen SMPS-640 - speaker phone,137.94,3,0,35.8644
US-2017-151127,5/22/17,5/25/17,First Class,RL-19615,Rob Lucas,Consumer,United States,Los Angeles,California,90049,West,OFF-AR-10002445,Office Supplies,Art,SANFORD Major Accent Highlighters,49.56,7,0,18.8328
US-2014-127978,3/3/14,3/8/14,Standard Class,JS-15595,Jill Stevenson,Corporate,United States,Columbus,Ohio,43229,East,OFF-LA-10000305,Office Supplies,Labels,Avery 495,15.12,3,0.2,4.914
US-2014-127978,3/3/14,3/8/14,Standard Class,JS-15595,Jill Stevenson,Corporate,United States,Columbus,Ohio,43229,East,FUR-BO-10001972,Furniture,Bookcases,O'Sullivan 4-Shelf Bookcase in Odessa Pine,302.45,5,0.5,-199.617
US-2014-127978,3/3/14,3/8/14,Standard Class,JS-15595,Jill Stevenson,Corporate,United States,Columbus,Ohio,43229,East,OFF-ST-10002486,Office Supplies,Storage,Eldon Shelf Savers Cubes and Bins,44.672,8,0.2,-10.0512
US-2014-143721,11/23/14,11/26/14,Second Class,DK-12835,Damala Kotsonis,Corporate,United States,Houston,Texas,77095,Central,FUR-CH-10001973,Furniture,Chairs,Office Star Flex Back Scooter Chair with White Frame,155.372,2,0.3,-35.5136
US-2016-150357,10/10/16,10/14/16,Standard Class,EB-13975,Erica Bern,Corporate,United States,Greensboro,North Carolina,27405,South,OFF-SU-10004498,Office Supplies,Supplies,Martin-Yale Premier Letter Opener,20.608,2,0.2,-4.3792
US-2016-150357,10/10/16,10/14/16,Standard Class,EB-13975,Erica Bern,Corporate,United States,Greensboro,North Carolina,27405,South,OFF-BI-10002557,Office Supplies,Binders,Presstex Flexible Ring Binders,4.095,3,0.7,-2.73
US-2017-117450,9/4/17,9/8/17,Standard Class,DO-13645,Doug O'Connell,Consumer,United States,Boynton Beach,Florida,33437,South,FUR-CH-10003817,Furniture,Chairs,"Global Value Steno Chair, Gray",97.184,2,0.2,6.074
US-2017-117450,9/4/17,9/8/17,Standard Class,DO-13645,Doug O'Connell,Consumer,United States,Boynton Beach,Florida,33437,South,OFF-PA-10000289,Office Supplies,Paper,Xerox 213,10.368,2,0.2,3.6288
US-2017-126053,12/5/17,12/8/17,First Class,CS-11950,Carlos Soltero,Consumer,United States,New York City,New York,10024,East,FUR-FU-10001934,Furniture,Furnishings,Magnifier Swing Arm Lamp,41.96,2,0,10.9096
US-2017-126053,12/5/17,12/8/17,First Class,CS-11950,Carlos Soltero,Consumer,United States,New York City,New York,10024,East,OFF-LA-10003766,Office Supplies,Labels,Self-Adhesive Removable Labels,9.45,3,0,4.536
US-2017-128447,11/10/17,11/17/17,Standard Class,MC-17845,Michael Chen,Consumer,United States,Pasco,Washington,99301,West,OFF-AP-10004540,Office Supplies,Appliances,"Eureka The Boss Lite 10-Amp Upright Vacuum, Blue",400.8,5,0,112.224
US-2017-128447,11/10/17,11/17/17,Standard Class,MC-17845,Michael Chen,Consumer,United States,Pasco,Washington,99301,West,OFF-BI-10001543,Office Supplies,Binders,GBC VeloBinder Manual Binding System,28.792,1,0.2,10.0772
US-2014-131275,3/18/14,3/24/14,Standard Class,SC-20050,Sample Company A,Home Office,United States,Burbank,California,91505,West,FUR-FU-10004597,Furniture,Furnishings,Eldon Cleatmat Chair Mats for Medium Pile Carpets,111,2,0,14.43
US-2014-131275,3/18/14,3/24/14,Standard Class,SC-20050,Sample Company A,Home Office,United States,Burbank,California,91505,West,TEC-MA-10001148,Technology,Machines,Swingline SM12-08 MicroCut Jam Free Shredder,1279.968,4,0.2,415.9896
US-2014-131275,3/18/14,3/24/14,Standard Class,SC-20050,Sample Company A,Home Office,United States,Burbank,California,91505,West,OFF-ST-10000078,Office Supplies,Storage,Tennsco 6- and 18-Compartment Lockers,1856.19,7,0,334.1142
US-2014-115189,12/30/14,1/3/15,Second Class,AR-10345,Alex Russell,Corporate,United States,Philadelphia,Pennsylvania,19143,East,TEC-PH-10002170,Technology,Phones,ClearSounds CSC500 Amplified Spirit Phone Corded phone,251.964,6,0.4,-50.3928
US-2014-115189,12/30/14,1/3/15,Second Class,AR-10345,Alex Russell,Corporate,United States,Philadelphia,Pennsylvania,19143,East,FUR-TA-10004575,Furniture,Tables,Hon 5100 Series Wood Tables,523.764,3,0.4,-192.0468
US-2017-123862,1/7/17,1/9/17,Second Class,JF-15190,Jamie Frazer,Consumer,United States,Long Beach,California,90805,West,OFF-ST-10000760,Office Supplies,Storage,Eldon Fold 'N Roll Cart System,153.78,11,0,44.5962
US-2017-123862,1/7/17,1/9/17,Second Class,JF-15190,Jamie Frazer,Consumer,United States,Long Beach,California,90805,West,OFF-ST-10002301,Office Supplies,Storage,Tennsco Commercial Shelving,61.02,3,0,0.6102
US-2017-123862,1/7/17,1/9/17,Second Class,JF-15190,Jamie Frazer,Consumer,United States,Long Beach,California,90805,West,OFF-SU-10004884,Office Supplies,Supplies,Acme Galleria Hot Forged Steel Scissors with Colored Handles,110.11,7,0,31.9319
US-2017-123862,1/7/17,1/9/17,Second Class,JF-15190,Jamie Frazer,Consumer,United States,Long Beach,California,90805,West,OFF-FA-10003112,Office Supplies,Fasteners,Staples,7.89,1,0,3.5505
US-2017-145597,11/2/17,11/5/17,First Class,GG-14650,Greg Guthrie,Corporate,United States,Bloomington,Illinois,61701,Central,OFF-AR-10001958,Office Supplies,Art,Stanley Bostitch Contemporary Electric Pencil Sharpeners,54.336,4,0.2,5.4336
US-2016-114013,3/13/16,3/15/16,Second Class,SC-20770,Stewart Carmichael,Corporate,United States,Philadelphia,Pennsylvania,19134,East,FUR-CH-10004287,Furniture,Chairs,SAFCO Arco Folding Chair,386.68,2,0.3,-5.524
US-2016-114013,3/13/16,3/15/16,Second Class,SC-20770,Stewart Carmichael,Corporate,United States,Philadelphia,Pennsylvania,19134,East,TEC-AC-10000474,Technology,Accessories,Kensington Expert Mouse Optical USB Trackball for PC or Mac,379.96,5,0.2,47.495
US-2016-114013,3/13/16,3/15/16,Second Class,SC-20770,Stewart Carmichael,Corporate,United States,Philadelphia,Pennsylvania,19134,East,TEC-PH-10001494,Technology,Phones,Polycom CX600 IP Phone VoIP phone,539.91,3,0.4,-116.9805
US-2016-114013,3/13/16,3/15/16,Second Class,SC-20770,Stewart Carmichael,Corporate,United States,Philadelphia,Pennsylvania,19134,East,OFF-PA-10004996,Office Supplies,Paper,"Speediset Carbonless Redi-Letter 7"" x 8 1/2""",41.24,5,0.2,13.9185
US-2016-114013,3/13/16,3/15/16,Second Class,SC-20770,Stewart Carmichael,Corporate,United States,Philadelphia,Pennsylvania,19134,East,OFF-BI-10004318,Office Supplies,Binders,Ibico EB-19 Dual Function Manual Binding System,51.897,1,0.7,-41.5176
US-2016-114013,3/13/16,3/15/16,Second Class,SC-20770,Stewart Carmichael,Corporate,United States,Philadelphia,Pennsylvania,19134,East,OFF-ST-10002574,Office Supplies,Storage,"SAFCO Commercial Wire Shelving, Black",552.56,5,0.2,-138.14
US-2016-114013,3/13/16,3/15/16,Second Class,SC-20770,Stewart Carmichael,Corporate,United States,Philadelphia,Pennsylvania,19134,East,OFF-BI-10002353,Office Supplies,Binders,GBC VeloBind Cover Sets,23.16,5,0.7,-15.44
US-2016-114013,3/13/16,3/15/16,Second Class,SC-20770,Stewart Carmichael,Corporate,United States,Philadelphia,Pennsylvania,19134,East,OFF-ST-10003641,Office Supplies,Storage,Space Solutions Industrial Galvanized Steel Shelving.,126.08,2,0.2,-28.368
US-2016-114013,3/13/16,3/15/16,Second Class,SC-20770,Stewart Carmichael,Corporate,United States,Philadelphia,Pennsylvania,19134,East,TEC-MA-10001148,Technology,Machines,Okidata MB491 Multifunction Printer,449.1,3,0.7,-643.71
US-2014-164763,3/17/14,3/21/14,Standard Class,MH-17440,Mark Haberlin,Corporate,United States,Jackson,Mississippi,39212,South,OFF-BI-10000605,Office Supplies,Binders,"Acco Pressboard Covers with Storage Hooks, 9 1/2"" x 11"", Executive Red",11.43,3,0,5.3721
US-2014-164763,3/17/14,3/21/14,Standard Class,MH-17440,Mark Haberlin,Corporate,United States,Jackson,Mississippi,39212,South,OFF-BI-10000309,Office Supplies,Binders,"GBC Twin Loop Wire Binding Elements, 9/16"" Spine, Black",30.44,2,0,14.9156
US-2014-164763,3/17/14,3/21/14,Standard Class,MH-17440,Mark Haberlin,Corporate,United States,Jackson,Mississippi,39212,South,OFF-PA-10003349,Office Supplies,Paper,Xerox 1957,12.96,2,0,6.3504
US-2014-164763,3/17/14,3/21/14,Standard Class,MH-17440,Mark Haberlin,Corporate,United States,Jackson,Mississippi,39212,South,OFF-PA-10003063,Office Supplies,Paper,EcoTones Memo Sheets,16,4,0,7.68
US-2014-164763,3/17/14,3/21/14,Standard Class,MH-17440,Mark Haberlin,Corporate,United States,Jackson,Mississippi,39212,South,OFF-AP-10003971,Office Supplies,Appliances,Belkin 6 Outlet Metallic Surge Strip,32.67,3,0,8.4942
US-2017-163657,9/2/17,9/6/17,Standard Class,JL-15235,Janet Lee,Consumer,United States,Los Angeles,California,90049,West,OFF-BI-10000138,Office Supplies,Binders,Acco Translucent Poly Ring Binders,18.72,5,0.2,6.552
US-2017-163657,9/2/17,9/6/17,Standard Class,JL-15235,Janet Lee,Consumer,United States,Los Angeles,California,90049,West,FUR-TA-10004607,Furniture,Tables,Hon 2111 Invitation Series Straight Table,236.528,2,0.2,-2.9566
US-2015-136987,4/11/15,4/14/15,Second Class,AR-10540,Andy Reiter,Consumer,United States,Los Angeles,California,90004,West,TEC-CO-10001943,Technology,Copiers,Canon PC-428 Personal Copier,639.968,4,0.2,215.9892
US-2015-136987,4/11/15,4/14/15,Second Class,AR-10540,Andy Reiter,Consumer,United States,Los Angeles,California,90004,West,OFF-PA-10003127,Office Supplies,Paper,Easy-staple paper,52.76,2,0,24.2696
US-2015-134558,12/19/15,12/24/15,Second Class,PM-19135,Peter McVee,Home Office,United States,Dover,New Hampshire,3820,East,OFF-PA-10001184,Office Supplies,Paper,Xerox 1903,29.9,5,0,14.651
US-2015-134558,12/19/15,12/24/15,Second Class,PM-19135,Peter McVee,Home Office,United States,Dover,New Hampshire,3820,East,TEC-AC-10004145,Technology,Accessories,Logitech diNovo Edge Keyboard,2249.91,9,0,517.4793
US-2015-134558,12/19/15,12/24/15,Second Class,PM-19135,Peter McVee,Home Office,United States,Dover,New Hampshire,3820,East,FUR-TA-10003473,Furniture,Tables,Bretford Rectangular Conference Table Tops,1053.164,4,0.3,-105.3164
US-2017-118598,11/16/17,11/16/17,Same Day,CM-12190,Charlotte Melton,Consumer,United States,Utica,New York,13501,East,TEC-PH-10002583,Technology,Phones,iOttie HLCRIO102 Car Mount,119.94,6,0,5.997
US-2017-160836,9/11/17,9/16/17,Standard Class,CC-12475,Cindy Chapman,Consumer,United States,Houston,Texas,77070,Central,OFF-PA-10004239,Office Supplies,Paper,Xerox 1953,10.272,3,0.2,3.21
US-2017-160836,9/11/17,9/16/17,Standard Class,CC-12475,Cindy Chapman,Consumer,United States,Houston,Texas,77070,Central,FUR-TA-10002855,Furniture,Tables,Bevis Round Conference Table Top & Single Column Base,512.19,5,0.3,-65.853
US-2017-160836,9/11/17,9/16/17,Standard Class,CC-12475,Cindy Chapman,Consumer,United States,Houston,Texas,77070,Central,OFF-AP-10001626,Office Supplies,Appliances,"Commercial WindTunnel Clean Air Upright Vacuum, Replacement Belts, Filtration Bags",1.556,2,0.8,-4.2012
US-2017-120147,3/30/17,3/30/17,Same Day,TB-21400,Tom Boeckenhauer,Consumer,United States,Los Angeles,California,90036,West,OFF-AR-10000817,Office Supplies,Art,Manco Dry-Lighter Erasable Highlighter,6.08,2,0,2.0672
US-2017-120147,3/30/17,3/30/17,Same Day,TB-21400,Tom Boeckenhauer,Consumer,United States,Los Angeles,California,90036,West,TEC-PH-10002447,Technology,Phones,AT&T CL83451 4-Handset Telephone,164.792,1,0.2,18.5391
US-2017-106579,6/8/17,6/13/17,Standard Class,BW-11200,Ben Wallace,Consumer,United States,Skokie,Illinois,60076,Central,OFF-BI-10000309,Office Supplies,Binders,"GBC Twin Loop Wire Binding Elements, 9/16"" Spine, Black",12.176,4,0.8,-18.8728
US-2017-161935,7/14/17,7/18/17,Standard Class,JL-15835,John Lee,Consumer,United States,Columbus,Ohio,43229,East,OFF-PA-10000605,Office Supplies,Paper,Xerox 1950,9.248,2,0.2,3.3524
US-2017-161935,7/14/17,7/18/17,Standard Class,JL-15835,John Lee,Consumer,United States,Columbus,Ohio,43229,East,TEC-PH-10000560,Technology,Phones,Samsung Galaxy S III - 16GB - pebble blue (T-Mobile),1889.946,9,0.4,-377.9892
US-2017-161935,7/14/17,7/18/17,Standard Class,JL-15835,John Lee,Consumer,United States,Columbus,Ohio,43229,East,OFF-ST-10003455,Office Supplies,Storage,"Tenex File Box, Personal Filing Tote with Lid, Black",62.04,5,0.2,4.653
US-2017-161935,7/14/17,7/18/17,Standard Class,JL-15835,John Lee,Consumer,United States,Columbus,Ohio,43229,East,FUR-FU-10002937,Furniture,Furnishings,"GE 48"" Fluorescent Tube, Cool White Energy Saver, 34 Watts, 30/Box",396.92,5,0.2,148.845
US-2017-161935,7/14/17,7/18/17,Standard Class,JL-15835,John Lee,Consumer,United States,Columbus,Ohio,43229,East,OFF-ST-10001837,Office Supplies,Storage,"SAFCO Mobile Desk Side File, Wire Frame",239.456,7,0.2,17.9592
US-2017-161935,7/14/17,7/18/17,Standard Class,JL-15835,John Lee,Consumer,United States,Columbus,Ohio,43229,East,OFF-AR-10004757,Office Supplies,Art,Crayola Colored Pencils,13.12,5,0.2,2.132
US-2017-167920,12/9/17,12/12/17,Second Class,JL-15835,John Lee,Consumer,United States,Richmond,Kentucky,40475,South,OFF-BI-10004236,Office Supplies,Binders,"XtraLife ClearVue Slant-D Ring Binder, White, 3""",29.36,2,0,13.5056
US-2017-167920,12/9/17,12/12/17,Second Class,JL-15835,John Lee,Consumer,United States,Richmond,Kentucky,40475,South,OFF-AP-10000159,Office Supplies,Appliances,Belkin F9M820V08 8 Outlet Surge,214.9,5,0,62.321
US-2017-167920,12/9/17,12/12/17,Second Class,JL-15835,John Lee,Consumer,United States,Richmond,Kentucky,40475,South,OFF-BI-10003274,Office Supplies,Binders,"Avery Durable Slant Ring Binders, No Labels",15.92,4,0,7.4824
US-2017-167920,12/9/17,12/12/17,Second Class,JL-15835,John Lee,Consumer,United States,Richmond,Kentucky,40475,South,TEC-AC-10001013,Technology,Accessories,Logitech ClearChat Comfort/USB Headset H390,146.45,5,0,48.3285
US-2017-167920,12/9/17,12/12/17,Second Class,JL-15835,John Lee,Consumer,United States,Richmond,Kentucky,40475,South,OFF-ST-10004963,Office Supplies,Storage,Eldon Gobal File Keepers,15.14,1,0,0.6056
US-2017-167920,12/9/17,12/12/17,Second Class,JL-15835,John Lee,Consumer,United States,Richmond,Kentucky,40475,South,OFF-LA-10004409,Office Supplies,Labels,Avery 492,5.76,2,0,2.6496
US-2017-167920,12/9/17,12/12/17,Second Class,JL-15835,John Lee,Consumer,United States,Richmond,Kentucky,40475,South,TEC-CO-10001046,Technology,Copiers,Canon Imageclass D680 Copier / Fax,1399.98,2,0,629.991
US-2017-106145,9/26/17,9/26/17,Same Day,RA-19885,Ruben Ausman,Corporate,United States,San Francisco,California,94109,West,OFF-EN-10001028,Office Supplies,Envelopes,Staple envelope,71.88,6,0,33.0648
US-2017-106145,9/26/17,9/26/17,Same Day,RA-19885,Ruben Ausman,Corporate,United States,San Francisco,California,94109,West,FUR-FU-10003829,Furniture,Furnishings,Stackable Trays,9.24,3,0,2.9568
US-2017-106145,9/26/17,9/26/17,Same Day,RA-19885,Ruben Ausman,Corporate,United States,San Francisco,California,94109,West,OFF-PA-10002245,Office Supplies,Paper,Xerox 1895,35.88,6,0,16.146
US-2017-106145,9/26/17,9/26/17,Same Day,RA-19885,Ruben Ausman,Corporate,United States,San Francisco,California,94109,West,OFF-BI-10002215,Office Supplies,Binders,"Wilson Jones Hanging View Binder, White, 1""",17.04,3,0.2,5.538
US-2017-106145,9/26/17,9/26/17,Same Day,RA-19885,Ruben Ausman,Corporate,United States,San Francisco,California,94109,West,OFF-BI-10003925,Office Supplies,Binders,Fellowes PB300 Plastic Comb Binding Machine,931.176,3,0.2,314.2719
US-2017-134642,2/25/17,3/1/17,Standard Class,SW-20245,Scot Wooten,Consumer,United States,Greenville,North Carolina,27834,South,FUR-CH-10002880,Furniture,Chairs,"Global High-Back Leather Tilter, Burgundy",196.784,2,0.2,-22.1382
US-2017-134642,2/25/17,3/1/17,Standard Class,SW-20245,Scot Wooten,Consumer,United States,Greenville,North Carolina,27834,South,FUR-BO-10004709,Furniture,Bookcases,"Bush Westfield Collection Bookcases, Medium Cherry Finish",231.92,5,0.2,5.798
US-2017-160143,3/31/17,4/7/17,Standard Class,HG-14965,Henry Goldwyn,Corporate,United States,Los Angeles,California,90004,West,OFF-SU-10004231,Office Supplies,Supplies,Acme Tagit Stainless Steel Antibacterial Scissors,29.7,3,0,8.019
US-2017-112347,12/2/17,12/6/17,Standard Class,BS-11380,Bill Stewart,Corporate,United States,Denver,Colorado,80219,West,OFF-ST-10003306,Office Supplies,Storage,Letter Size Cart,114.288,1,0.2,12.8574
US-2017-112347,12/2/17,12/6/17,Standard Class,BS-11380,Bill Stewart,Corporate,United States,Denver,Colorado,80219,West,OFF-BI-10003707,Office Supplies,Binders,Aluminum Screw Posts,36.624,8,0.7,-24.416
US-2017-112347,12/2/17,12/6/17,Standard Class,BS-11380,Bill Stewart,Corporate,United States,Denver,Colorado,80219,West,FUR-BO-10003546,Furniture,Bookcases,Hon 4-Shelf Metal Bookcases,242.352,8,0.7,-363.528
US-2017-112347,12/2/17,12/6/17,Standard Class,BS-11380,Bill Stewart,Corporate,United States,Denver,Colorado,80219,West,TEC-PH-10000213,Technology,Phones,Seidio BD2-HK3IPH5-BK DILEX Case and Holster Combo for Apple iPhone 5/5s - Black,49.616,2,0.2,4.9616
US-2017-112347,12/2/17,12/6/17,Standard Class,BS-11380,Bill Stewart,Corporate,United States,Denver,Colorado,80219,West,FUR-FU-10001488,Furniture,Furnishings,"Tenex 46"" x 60"" Computer Anti-Static Chairmat, Rectangular Shaped",508.704,6,0.2,0
US-2017-112347,12/2/17,12/6/17,Standard Class,BS-11380,Bill Stewart,Corporate,United States,Denver,Colorado,80219,West,TEC-PH-10004833,Technology,Phones,Macally Suction Cup Mount,57.36,6,0.2,-14.34
US-2017-112347,12/2/17,12/6/17,Standard Class,BS-11380,Bill Stewart,Corporate,United States,Denver,Colorado,80219,West,FUR-CH-10002335,Furniture,Chairs,Hon GuestStacker Chair,906.68,5,0.2,68.001
US-2014-137155,11/1/14,11/5/14,Standard Class,DL-12925,Daniel Lacy,Consumer,United States,Long Beach,New York,11561,East,OFF-AP-10002518,Office Supplies,Appliances,Kensington 7 Outlet MasterPiece Power Center,533.94,3,0,154.8426
US-2014-137155,11/1/14,11/5/14,Standard Class,DL-12925,Daniel Lacy,Consumer,United States,Long Beach,New York,11561,East,OFF-PA-10000806,Office Supplies,Paper,Xerox 1934,167.94,3,0,82.2906
US-2014-137155,11/1/14,11/5/14,Standard Class,DL-12925,Daniel Lacy,Consumer,United States,Long Beach,New York,11561,East,FUR-FU-10003142,Furniture,Furnishings,"Master Big Foot Doorstop, Beige",31.68,6,0,9.8208
US-2016-104815,9/3/16,9/7/16,Standard Class,RB-19570,Rob Beeghly,Consumer,United States,Chicago,Illinois,60610,Central,FUR-BO-10003894,Furniture,Bookcases,"Safco Value Mate Steel Bookcase, Baked Enamel Finish on Steel, Black",198.744,4,0.3,0
US-2016-166660,1/30/16,2/1/16,Second Class,TB-21250,Tim Brockman,Consumer,United States,Seattle,Washington,98103,West,FUR-CH-10001190,Furniture,Chairs,Global Deluxe High-Back Office Chair in Storm,435.168,4,0.2,-59.8356
US-2016-166660,1/30/16,2/1/16,Second Class,TB-21250,Tim Brockman,Consumer,United States,Seattle,Washington,98103,West,FUR-BO-10000468,Furniture,Bookcases,O'Sullivan 2-Shelf Heavy-Duty Bookcases,48.58,1,0,7.7728
US-2015-130491,2/8/15,2/11/15,First Class,BH-11710,Brosina Hoffman,Consumer,United States,Garden City,Kansas,67846,Central,OFF-PA-10000791,Office Supplies,Paper,"Wirebound Message Books, Four 2 3/4 x 5 Forms per Page, 200 Sets per Book",9.54,2,0,4.293
US-2015-130491,2/8/15,2/11/15,First Class,BH-11710,Brosina Hoffman,Consumer,United States,Garden City,Kansas,67846,Central,OFF-FA-10000134,Office Supplies,Fasteners,"Advantus Push Pins, Aluminum Head",5.81,1,0,1.8011
US-2015-130491,2/8/15,2/11/15,First Class,BH-11710,Brosina Hoffman,Consumer,United States,Garden City,Kansas,67846,Central,OFF-AR-10001149,Office Supplies,Art,"Sanford Colorific Colored Pencils, 12/Box",5.76,2,0,1.728
US-2014-144078,11/25/14,11/29/14,Standard Class,RB-19435,Richard Bierner,Consumer,United States,Los Angeles,California,90004,West,TEC-PH-10001580,Technology,Phones,Logitech Mobile Speakerphone P710e - speaker phone,539.92,5,0.2,47.243
US-2014-144078,11/25/14,11/29/14,Standard Class,RB-19435,Richard Bierner,Consumer,United States,Los Angeles,California,90004,West,FUR-CH-10002335,Furniture,Chairs,Hon GuestStacker Chair,725.344,4,0.2,54.4008
US-2014-144078,11/25/14,11/29/14,Standard Class,RB-19435,Richard Bierner,Consumer,United States,Los Angeles,California,90004,West,OFF-AR-10004707,Office Supplies,Art,Staples in misc. colors,7.44,3,0,2.604
US-2015-159499,11/21/15,11/23/15,Second Class,EM-14095,Eudokia Martin,Corporate,United States,Phoenix,Arizona,85023,West,OFF-AP-10002867,Office Supplies,Appliances,Fellowes Command Center 5-outlet power strip,325.632,6,0.2,28.4928
US-2015-159499,11/21/15,11/23/15,Second Class,EM-14095,Eudokia Martin,Corporate,United States,Phoenix,Arizona,85023,West,TEC-AC-10002718,Technology,Accessories,Belkin Standard 104 key USB Keyboard,23.344,2,0.2,-1.459
US-2015-159499,11/21/15,11/23/15,Second Class,EM-14095,Eudokia Martin,Corporate,United States,Phoenix,Arizona,85023,West,OFF-LA-10003121,Office Supplies,Labels,Avery 506,16.52,5,0.2,5.369
US-2017-158526,12/29/17,1/1/18,Second Class,KH-16360,Katherine Hughes,Consumer,United States,Louisville,Kentucky,40214,South,FUR-CH-10002602,Furniture,Chairs,DMI Arturo Collection Mission-style Design Wood Chair,1207.84,8,0,314.0384
US-2017-158526,12/29/17,1/1/18,Second Class,KH-16360,Katherine Hughes,Consumer,United States,Louisville,Kentucky,40214,South,OFF-BI-10002414,Office Supplies,Binders,GBC ProClick Spines for 32-Hole Punch,12.53,1,0,5.8891
US-2017-158526,12/29/17,1/1/18,Second Class,KH-16360,Katherine Hughes,Consumer,United States,Louisville,Kentucky,40214,South,OFF-AR-10003696,Office Supplies,Art,Panasonic KP-350BK Electric Pencil Sharpener with Auto Stop,34.58,1,0,10.0282
US-2017-158526,12/29/17,1/1/18,Second Class,KH-16360,Katherine Hughes,Consumer,United States,Louisville,Kentucky,40214,South,FUR-CH-10004495,Furniture,Chairs,"Global Leather and Oak Executive Chair, Black",300.98,1,0,87.2842
US-2017-158526,12/29/17,1/1/18,Second Class,KH-16360,Katherine Hughes,Consumer,United States,Louisville,Kentucky,40214,South,FUR-CH-10001270,Furniture,Chairs,Harbour Creations Steel Folding Chair,258.75,3,0,77.625
US-2016-157490,10/6/16,10/7/16,First Class,LB-16795,Laurel Beltran,Home Office,United States,Pueblo,Colorado,81001,West,TEC-MA-10001695,Technology,Machines,Zebra GK420t Direct Thermal/Thermal Transfer Printer,703.71,6,0.7,-938.28
US-2016-157490,10/6/16,10/7/16,First Class,LB-16795,Laurel Beltran,Home Office,United States,Pueblo,Colorado,81001,West,OFF-BI-10002824,Office Supplies,Binders,Recycled Easel Ring Binders,17.904,4,0.7,-14.92
US-2016-157490,10/6/16,10/7/16,First Class,LB-16795,Laurel Beltran,Home Office,United States,Pueblo,Colorado,81001,West,OFF-BI-10002571,Office Supplies,Binders,"Avery Framed View Binder, EZD Ring (Locking), Navy, 1 1/2""",11.976,4,0.7,-9.1816
US-2016-157490,10/6/16,10/7/16,First Class,LB-16795,Laurel Beltran,Home Office,United States,Pueblo,Colorado,81001,West,TEC-AC-10001553,Technology,Accessories,"Memorex 25GB 6X Branded Blu-Ray Recordable Disc, 15/Pack",67.96,5,0.2,0.8495
US-2014-115196,9/9/14,9/13/14,Standard Class,DL-12925,Daniel Lacy,Consumer,United States,Greenville,North Carolina,27834,South,TEC-MA-10002073,Technology,Machines,"3D Systems Cube Printer, 2nd Generation, White",1299.99,2,0.5,-571.9956
US-2014-120740,4/15/14,4/15/14,Same Day,PS-18970,Paul Stevenson,Home Office,United States,Los Angeles,California,90049,West,OFF-AP-10000240,Office Supplies,Appliances,Belkin F9G930V10-GRY 9 Outlet Surge,106.96,2,0,31.0184
US-2014-120740,4/15/14,4/15/14,Same Day,PS-18970,Paul Stevenson,Home Office,United States,Los Angeles,California,90049,West,FUR-FU-10004091,Furniture,Furnishings,"Howard Miller 13"" Diameter Goldtone Round Wall Clock",187.76,4,0,76.9816
US-2017-141509,9/29/17,10/1/17,First Class,SC-20575,Sonia Cooley,Consumer,United States,Los Angeles,California,90036,West,OFF-AR-10002067,Office Supplies,Art,Newell 334,99.2,5,0,25.792
US-2016-140158,10/4/16,10/8/16,Standard Class,DR-12940,Daniel Raglin,Home Office,United States,Providence,Rhode Island,2908,East,OFF-BI-10000977,Office Supplies,Binders,Ibico Plastic Spiral Binding Combs,30.4,1,0,13.984
US-2016-140158,10/4/16,10/8/16,Standard Class,DR-12940,Daniel Raglin,Home Office,United States,Providence,Rhode Island,2908,East,TEC-CO-10001449,Technology,Copiers,Hewlett Packard LaserJet 3310 Copier,5399.91,9,0,2591.9568
US-2016-140158,10/4/16,10/8/16,Standard Class,DR-12940,Daniel Raglin,Home Office,United States,Providence,Rhode Island,2908,East,OFF-ST-10000136,Office Supplies,Storage,Letter Size File,119.1,3,0,34.539
US-2017-128951,7/15/17,7/17/17,First Class,RS-19420,Ricardo Sperren,Corporate,United States,Suffolk,Virginia,23434,South,OFF-AP-10002191,Office Supplies,Appliances,Belkin 8 Outlet SurgeMaster II Gold Surge Protector,179.94,3,0,50.3832
US-2017-128951,7/15/17,7/17/17,First Class,RS-19420,Ricardo Sperren,Corporate,United States,Suffolk,Virginia,23434,South,FUR-TA-10004575,Furniture,Tables,Hon 5100 Series Wood Tables,872.94,3,0,157.1292
US-2017-128951,7/15/17,7/17/17,First Class,RS-19420,Ricardo Sperren,Corporate,United States,Suffolk,Virginia,23434,South,OFF-PA-10003177,Office Supplies,Paper,Xerox 1999,12.96,2,0,6.2208
US-2015-142811,4/2/15,4/7/15,Standard Class,JL-15850,John Lucas,Consumer,United States,Mesa,Arizona,85204,West,TEC-PH-10003095,Technology,Phones,Samsung HM1900 Bluetooth Headset,87.8,5,0.2,32.925
US-2017-101518,11/3/17,11/8/17,Standard Class,PB-19105,Peter Bühler,Consumer,United States,Philadelphia,Pennsylvania,19140,East,TEC-AC-10001553,Technology,Accessories,"Memorex 25GB 6X Branded Blu-Ray Recordable Disc, 15/Pack",40.776,3,0.2,0.5097
US-2017-146213,9/9/17,9/14/17,Standard Class,MC-17605,Matt Connell,Corporate,United States,Los Angeles,California,90032,West,TEC-AC-10001114,Technology,Accessories,Microsoft Wireless Mobile Mouse 4000,159.96,4,0,51.1872
US-2017-138086,4/16/17,4/20/17,Standard Class,JO-15550,Jesus Ocampo,Home Office,United States,San Francisco,California,94109,West,OFF-AP-10000027,Office Supplies,Appliances,Hoover Commercial SteamVac,40.74,3,0,12.222
US-2015-150231,3/16/15,3/20/15,Second Class,JK-15640,Jim Kriz,Home Office,United States,New York City,New York,10009,East,OFF-AR-10001761,Office Supplies,Art,Avery Hi-Liter Smear-Safe Highlighters,17.52,3,0,6.3072
US-2016-109260,9/26/16,10/1/16,Standard Class,TN-21040,Tanja Norvell,Home Office,United States,Tallahassee,Florida,32303,South,TEC-AC-10002637,Technology,Accessories,Logitech VX Revolution Cordless Laser Mouse for Notebooks (Black),431.976,3,0.2,-75.5958
US-2016-106313,8/22/16,8/26/16,Standard Class,DG-13300,Deirdre Greer,Corporate,United States,Seattle,Washington,98105,West,OFF-PA-10001870,Office Supplies,Paper,Xerox 202,19.44,3,0,9.3312
US-2017-118941,8/12/17,8/12/17,Same Day,BB-11545,Brenda Bowman,Corporate,United States,Columbia,Maryland,21044,East,OFF-AR-10004078,Office Supplies,Art,Newell 312,17.52,3,0,5.256
US-2017-118941,8/12/17,8/12/17,Same Day,BB-11545,Brenda Bowman,Corporate,United States,Columbia,Maryland,21044,East,FUR-CH-10002331,Furniture,Chairs,Hon 4700 Series Mobuis Mid-Back Task Chairs with Adjustable Arms,1779.9,5,0,373.779
US-2017-118941,8/12/17,8/12/17,Same Day,BB-11545,Brenda Bowman,Corporate,United States,Columbia,Maryland,21044,East,OFF-AR-10001953,Office Supplies,Art,Boston 1645 Deluxe Heavier-Duty Electric Pencil Sharpener,219.9,5,0,59.373
US-2014-111353,11/29/14,12/6/14,Standard Class,PB-19150,Philip Brown,Consumer,United States,New York City,New York,10009,East,OFF-LA-10002762,Office Supplies,Labels,Avery 485,25.06,2,0,11.7782
US-2016-117037,5/17/16,5/20/16,First Class,LW-17215,Luke Weiss,Consumer,United States,Chicago,Illinois,60653,Central,OFF-BI-10000279,Office Supplies,Binders,"Acco Recycled 2"" Capacity Laser Printer Hanging Data Binders",2.89,1,0.8,-4.7685
US-2016-117037,5/17/16,5/20/16,First Class,LW-17215,Luke Weiss,Consumer,United States,Chicago,Illinois,60653,Central,OFF-FA-10000936,Office Supplies,Fasteners,Acco Hot Clips Clips to Go,7.896,3,0.2,2.4675
US-2016-117037,5/17/16,5/20/16,First Class,LW-17215,Luke Weiss,Consumer,United States,Chicago,Illinois,60653,Central,FUR-FU-10004973,Furniture,Furnishings,Flat Face Poster Frame,22.608,3,0.6,-10.1736
US-2016-117037,5/17/16,5/20/16,First Class,LW-17215,Luke Weiss,Consumer,United States,Chicago,Illinois,60653,Central,OFF-PA-10000791,Office Supplies,Paper,"Wirebound Message Books, Four 2 3/4 x 5 Forms per Page, 200 Sets per Book",30.528,8,0.2,9.54
US-2015-145121,10/2/15,10/6/15,Standard Class,MP-17965,Michael Paige,Corporate,United States,Middletown,Connecticut,6457,East,OFF-BI-10001078,Office Supplies,Binders,"Acco PRESSTEX Data Binder with Storage Hooks, Dark Blue, 14 7/8"" X 11""",26.9,5,0,13.181
US-2016-137295,1/8/16,1/13/16,Standard Class,VS-21820,Vivek Sundaresam,Consumer,United States,Raleigh,North Carolina,27604,South,OFF-BI-10004236,Office Supplies,Binders,"XtraLife ClearVue Slant-D Ring Binder, White, 3""",30.828,7,0.7,-24.6624
US-2016-137295,1/8/16,1/13/16,Standard Class,VS-21820,Vivek Sundaresam,Consumer,United States,Raleigh,North Carolina,27604,South,OFF-AR-10001955,Office Supplies,Art,Newell 319,47.616,3,0.2,5.952
US-2016-137295,1/8/16,1/13/16,Standard Class,VS-21820,Vivek Sundaresam,Consumer,United States,Raleigh,North Carolina,27604,South,TEC-PH-10004080,Technology,Phones,Avaya 5410 Digital phone,108.784,2,0.2,10.8784
US-2017-109316,6/8/17,6/10/17,First Class,MG-17680,Maureen Gastineau,Home Office,United States,Los Angeles,California,90049,West,FUR-BO-10004834,Furniture,Bookcases,"Riverside Palais Royal Lawyers Bookcase, Royale Cherry Finish",1497.666,2,0.15,140.9568
US-2017-109316,6/8/17,6/10/17,First Class,MG-17680,Maureen Gastineau,Home Office,United States,Los Angeles,California,90049,West,TEC-PH-10000307,Technology,Phones,Shocksock Galaxy S4 Armband,17.52,2,0.2,-3.504
US-2014-115413,8/26/14,9/1/14,Standard Class,PP-18955,Paul Prost,Home Office,United States,Newark,Delaware,19711,East,OFF-AR-10003770,Office Supplies,Art,Newell 340,8.64,3,0,2.5056
US-2014-115413,8/26/14,9/1/14,Standard Class,PP-18955,Paul Prost,Home Office,United States,Newark,Delaware,19711,East,TEC-AC-10002800,Technology,Accessories,Plantronics Audio 478 Stereo USB Headset,149.97,3,0,52.4895
US-2014-137869,3/28/14,4/2/14,Standard Class,CV-12295,Christina VanderZanden,Consumer,United States,Des Moines,Iowa,50315,Central,OFF-EN-10001509,Office Supplies,Envelopes,Poly String Tie Envelopes,6.12,3,0,2.8764
US-2014-137869,3/28/14,4/2/14,Standard Class,CV-12295,Christina VanderZanden,Consumer,United States,Des Moines,Iowa,50315,Central,FUR-TA-10003954,Furniture,Tables,Hon 94000 Series Round Tables,1184.72,4,0,106.6248
US-2017-123834,7/21/17,7/25/17,Standard Class,GM-14500,Gene McClure,Consumer,United States,Pharr,Texas,78577,Central,FUR-TA-10001676,Furniture,Tables,Hon 61000 Series Interactive Training Tables,124.404,4,0.3,-21.3264
US-2017-166233,7/3/17,7/9/17,Standard Class,MO-17950,Michael Oakman,Consumer,United States,Jacksonville,North Carolina,28540,South,TEC-AC-10002167,Technology,Accessories,Imation 8gb Micro Traveldrive Usb 2.0 Flash Drive,24,2,0.2,-2.7
US-2015-118766,10/15/15,10/22/15,Standard Class,LS-16975,Lindsay Shagiari,Home Office,United States,Dallas,Texas,75217,Central,OFF-EN-10001415,Office Supplies,Envelopes,Staple envelope,4.464,1,0.2,1.674
US-2015-118766,10/15/15,10/22/15,Standard Class,LS-16975,Lindsay Shagiari,Home Office,United States,Dallas,Texas,75217,Central,OFF-BI-10002813,Office Supplies,Binders,Avery Reinforcements for Hole-Punch Pages,3.96,10,0.8,-6.93
US-2017-105697,8/25/17,8/27/17,First Class,JE-15715,Joe Elijah,Consumer,United States,Cleveland,Ohio,44105,East,OFF-ST-10003996,Office Supplies,Storage,"Letter/Legal File Tote with Clear Snap-On Lid, Black Granite",25.696,2,0.2,1.9272
US-2016-168095,7/15/16,7/20/16,Standard Class,MC-17425,Mark Cousins,Corporate,United States,Portland,Oregon,97206,West,FUR-CH-10004886,Furniture,Chairs,Bevis Steel Folding Chairs,230.28,3,0.2,23.028
US-2016-168095,7/15/16,7/20/16,Standard Class,MC-17425,Mark Cousins,Corporate,United States,Portland,Oregon,97206,West,OFF-PA-10003641,Office Supplies,Paper,Xerox 1909,105.52,5,0.2,34.294
US-2015-126753,8/16/15,8/20/15,Standard Class,SP-20860,Sung Pak,Corporate,United States,Philadelphia,Pennsylvania,19134,East,TEC-PH-10003580,Technology,Phones,Cisco IP Phone 7961G-GE VoIP phone,519.792,4,0.4,-112.6216
US-2015-126753,8/16/15,8/20/15,Standard Class,SP-20860,Sung Pak,Corporate,United States,Philadelphia,Pennsylvania,19134,East,TEC-AC-10004227,Technology,Accessories,SanDisk Ultra 16 GB MicroSDHC Class 10 Memory Card,31.176,3,0.2,-5.4558
US-2015-126753,8/16/15,8/20/15,Standard Class,SP-20860,Sung Pak,Corporate,United States,Philadelphia,Pennsylvania,19134,East,OFF-PA-10002787,Office Supplies,Paper,Xerox 227,10.368,2,0.2,3.6288
US-2015-126753,8/16/15,8/20/15,Standard Class,SP-20860,Sung Pak,Corporate,United States,Philadelphia,Pennsylvania,19134,East,OFF-BI-10003981,Office Supplies,Binders,"Avery Durable Plastic 1"" Binders",2.724,2,0.7,-1.9068
US-2015-126753,8/16/15,8/20/15,Standard Class,SP-20860,Sung Pak,Corporate,United States,Philadelphia,Pennsylvania,19134,East,FUR-FU-10001488,Furniture,Furnishings,"Tenex 46"" x 60"" Computer Anti-Static Chairmat, Rectangular Shaped",254.352,3,0.2,0
US-2015-126753,8/16/15,8/20/15,Standard Class,SP-20860,Sung Pak,Corporate,United States,Philadelphia,Pennsylvania,19134,East,OFF-BI-10003727,Office Supplies,Binders,Avery Durable Slant Ring Binders With Label Holder,3.762,3,0.7,-2.7588
US-2015-126753,8/16/15,8/20/15,Standard Class,SP-20860,Sung Pak,Corporate,United States,Philadelphia,Pennsylvania,19134,East,OFF-PA-10000130,Office Supplies,Paper,Xerox 199,10.272,3,0.2,3.21
US-2016-117793,8/23/16,8/29/16,Standard Class,MA-17560,Matt Abelman,Home Office,United States,Sheboygan,Wisconsin,53081,Central,OFF-LA-10002945,Office Supplies,Labels,"Permanent Self-Adhesive File Folder Labels for Typewriters, 1 1/8 x 3 1/2, White",25.2,4,0,11.592
US-2016-117793,8/23/16,8/29/16,Standard Class,MA-17560,Matt Abelman,Home Office,United States,Sheboygan,Wisconsin,53081,Central,OFF-LA-10003537,Office Supplies,Labels,Avery 515,37.59,3,0,17.6673
US-2016-117793,8/23/16,8/29/16,Standard Class,MA-17560,Matt Abelman,Home Office,United States,Sheboygan,Wisconsin,53081,Central,OFF-ST-10002406,Office Supplies,Storage,Pizazz Global Quick File,14.97,1,0,4.1916
US-2016-117793,8/23/16,8/29/16,Standard Class,MA-17560,Matt Abelman,Home Office,United States,Sheboygan,Wisconsin,53081,Central,TEC-AC-10003433,Technology,Accessories,Maxell 4.7GB DVD+R 5/Pack,1.98,2,0,0.891
US-2015-165743,11/20/15,11/23/15,Second Class,MM-18055,Michelle Moray,Consumer,United States,Aurora,Colorado,80013,West,OFF-BI-10001982,Office Supplies,Binders,Wilson Jones Custom Binder Spines & Labels,4.896,3,0.7,-3.4272
US-2015-165743,11/20/15,11/23/15,Second Class,MM-18055,Michelle Moray,Consumer,United States,Aurora,Colorado,80013,West,FUR-BO-10002268,Furniture,Bookcases,Sauder Barrister Bookcases,145.764,6,0.7,-247.7988
US-2015-165743,11/20/15,11/23/15,Second Class,MM-18055,Michelle Moray,Consumer,United States,Aurora,Colorado,80013,West,OFF-BI-10001758,Office Supplies,Binders,Wilson Jones 14 Line Acrylic Coated Pressboard Data Binders,9.612,6,0.7,-7.3692
US-2017-105998,11/3/17,11/5/17,First Class,CR-12580,Clay Rozendal,Home Office,United States,San Diego,California,92037,West,TEC-AC-10004469,Technology,Accessories,Microsoft Sculpt Comfort Mouse,199.75,5,0,87.89
US-2017-105998,11/3/17,11/5/17,First Class,CR-12580,Clay Rozendal,Home Office,United States,San Diego,California,92037,West,FUR-TA-10001095,Furniture,Tables,Chromcraft Round Conference Tables,1673.184,12,0.2,20.9148
US-2014-148194,5/4/14,5/7/14,First Class,BS-11365,Bill Shonely,Corporate,United States,Seattle,Washington,98105,West,FUR-FU-10001852,Furniture,Furnishings,"Eldon Regeneration Recycled Desk Accessories, Smoke",12.18,7,0,3.8976
US-2014-148194,5/4/14,5/7/14,First Class,BS-11365,Bill Shonely,Corporate,United States,Seattle,Washington,98105,West,OFF-AP-10000696,Office Supplies,Appliances,Holmes Odor Grabber,57.68,4,0,19.0344
US-2015-151407,11/8/15,11/12/15,Standard Class,RD-19585,Rob Dowd,Consumer,United States,Dubuque,Iowa,52001,Central,TEC-PH-10003885,Technology,Phones,Cisco SPA508G,263.96,4,0,76.5484
US-2015-136427,6/20/15,6/23/15,First Class,JM-16195,Justin MacKendrick,Consumer,United States,Aurora,Colorado,80013,West,TEC-PH-10002070,Technology,Phones,Griffin GC36547 PowerJolt SE Lightning Charger,125.944,7,0.2,15.743
US-2014-131870,9/9/14,9/11/14,First Class,NF-18595,Nicole Fjeld,Home Office,United States,Lancaster,Ohio,43130,East,FUR-FU-10002501,Furniture,Furnishings,Nu-Dell Executive Frame,60.672,6,0.2,12.8928
US-2014-131870,9/9/14,9/11/14,First Class,NF-18595,Nicole Fjeld,Home Office,United States,Lancaster,Ohio,43130,East,OFF-AR-10000634,Office Supplies,Art,Newell 320,30.816,9,0.2,2.6964
US-2017-133081,3/11/17,3/15/17,Standard Class,PV-18985,Paul Van Hugh,Home Office,United States,Cambridge,Massachusetts,2138,East,TEC-AC-10001772,Technology,Accessories,Memorex Mini Travel Drive 16 GB USB 2.0 Flash Drive,63.88,4,0,24.9132
US-2017-133081,3/11/17,3/15/17,Standard Class,PV-18985,Paul Van Hugh,Home Office,United States,Cambridge,Massachusetts,2138,East,FUR-FU-10001379,Furniture,Furnishings,"Executive Impressions 16-1/2"" Circular Wall Clock",26.72,1,0,11.7568
US-2015-160563,10/20/15,10/24/15,Standard Class,NS-18640,Noel Staavos,Corporate,United States,San Francisco,California,94109,West,TEC-AC-10002567,Technology,Accessories,Logitech G602 Wireless Gaming Mouse,239.97,3,0,86.3892
US-2015-160563,10/20/15,10/24/15,Standard Class,NS-18640,Noel Staavos,Corporate,United States,San Francisco,California,94109,West,FUR-FU-10001731,Furniture,Furnishings,Acrylic Self-Standing Desk Frames,16.02,6,0,6.0876
US-2016-164945,11/22/16,11/27/16,Standard Class,CA-12055,Cathy Armstrong,Home Office,United States,New York City,New York,10009,East,OFF-BI-10001524,Office Supplies,Binders,GBC Premium Transparent Covers with Diagonal Lined Pattern,134.272,8,0.2,46.9952
US-2015-117492,8/7/15,8/9/15,First Class,NS-18640,Noel Staavos,Corporate,United States,Baltimore,Maryland,21215,East,OFF-AP-10001492,Office Supplies,Appliances,"Acco Six-Outlet Power Strip, 4' Cord Length",77.58,9,0,20.1708
US-2017-167570,12/8/17,12/15/17,Standard Class,EG-13900,Emily Grady,Consumer,United States,Philadelphia,Pennsylvania,19140,East,FUR-CH-10003396,Furniture,Chairs,Global Deluxe Steno Chair,215.544,4,0.3,-58.5048
US-2017-113201,6/30/17,7/5/17,Standard Class,TT-21220,Thomas Thornton,Consumer,United States,Los Angeles,California,90045,West,OFF-PA-10000675,Office Supplies,Paper,Xerox 1919,204.95,5,0,100.4255
US-2017-106551,7/22/17,7/27/17,Standard Class,EB-13930,Eric Barreto,Consumer,United States,Chicago,Illinois,60653,Central,FUR-CH-10004997,Furniture,Chairs,Hon Every-Day Series Multi-Task Chairs,526.344,4,0.3,-75.192
US-2017-150070,9/7/17,9/12/17,Standard Class,JA-15970,Joseph Airdo,Consumer,United States,Modesto,California,95351,West,FUR-CH-10004860,Furniture,Chairs,Global Low Back Tilter Chair,161.568,2,0.2,-28.2744
US-2014-112949,6/20/14,6/27/14,Standard Class,Co-12640,Corey-Lock,Consumer,United States,Lawton,Oklahoma,73505,Central,OFF-AP-10001005,Office Supplies,Appliances,Honeywell Quietcare HEPA Air Cleaner,471.9,6,0,155.727
US-2014-112949,6/20/14,6/27/14,Standard Class,Co-12640,Corey-Lock,Consumer,United States,Lawton,Oklahoma,73505,Central,OFF-AR-10003469,Office Supplies,Art,Nontoxic Chalk,3.52,2,0,1.6896
US-2017-146822,6/9/17,6/14/17,Standard Class,AG-10675,Anna Gayman,Consumer,United States,Salem,Virginia,24153,South,OFF-PA-10000249,Office Supplies,Paper,Easy-staple paper,49.12,4,0,23.0864
US-2016-131058,12/27/16,12/31/16,Standard Class,EM-14140,Eugene Moren,Home Office,United States,Santa Ana,California,92704,West,OFF-LA-10001613,Office Supplies,Labels,Avery File Folder Labels,20.16,7,0,9.8784
US-2017-143770,3/20/17,3/24/17,Standard Class,RD-19720,Roger Demir,Consumer,United States,Middletown,Connecticut,6457,East,TEC-AC-10002842,Technology,Accessories,WD My Passport Ultra 2TB Portable External Hard Drive,238,2,0,38.08
US-2017-143770,3/20/17,3/24/17,Standard Class,RD-19720,Roger Demir,Consumer,United States,Middletown,Connecticut,6457,East,OFF-PA-10001125,Office Supplies,Paper,Xerox 1988,61.96,2,0,27.882
US-2017-101721,7/23/17,7/27/17,Standard Class,MY-17380,Maribeth Yedwab,Corporate,United States,Chicago,Illinois,60623,Central,OFF-PA-10003641,Office Supplies,Paper,Xerox 1909,63.312,3,0.2,20.5764
US-2017-155866,11/17/17,11/21/17,Standard Class,CC-12370,Christopher Conant,Consumer,United States,New York City,New York,10011,East,OFF-PA-10004735,Office Supplies,Paper,Xerox 1905,38.88,6,0,18.6624
US-2017-155866,11/17/17,11/21/17,Standard Class,CC-12370,Christopher Conant,Consumer,United States,New York City,New York,10011,East,FUR-FU-10004091,Furniture,Furnishings,"Howard Miller 13"" Diameter Goldtone Round Wall Clock",187.76,4,0,76.9816
US-2014-143581,8/19/14,8/23/14,Standard Class,BS-11365,Bill Shonely,Corporate,United States,Columbus,Georgia,31907,South,OFF-ST-10000991,Office Supplies,Storage,Space Solutions HD Industrial Steel Shelving.,344.91,3,0,10.3473
US-2016-139262,2/21/16,2/25/16,Standard Class,LC-16960,Lindsay Castell,Home Office,United States,Tampa,Florida,33614,South,OFF-BI-10003727,Office Supplies,Binders,Avery Durable Slant Ring Binders With Label Holder,3.762,3,0.7,-2.7588
US-2016-139262,2/21/16,2/25/16,Standard Class,LC-16960,Lindsay Castell,Home Office,United States,Tampa,Florida,33614,South,OFF-BI-10002026,Office Supplies,Binders,Avery Arch Ring Binders,34.86,2,0.7,-26.726
US-2016-139262,2/21/16,2/25/16,Standard Class,LC-16960,Lindsay Castell,Home Office,United States,Tampa,Florida,33614,South,OFF-ST-10001496,Office Supplies,Storage,Standard Rollaway File with Lock,432.456,3,0.2,32.4342
US-2017-168802,11/3/17,11/7/17,Standard Class,JO-15145,Jack O'Briant,Corporate,United States,Seattle,Washington,98103,West,OFF-BI-10002393,Office Supplies,Binders,Binder Posts,18.368,4,0.2,5.9696
US-2017-146906,3/13/17,3/17/17,Standard Class,MT-17815,Meg Tillman,Consumer,United States,New York City,New York,10011,East,TEC-PH-10001809,Technology,Phones,Panasonic KX T7736-B Digital phone,299.9,2,0,74.975
US-2015-158911,7/5/15,7/11/15,Standard Class,RS-19765,Roland Schwarz,Corporate,United States,Charlotte,North Carolina,28205,South,FUR-FU-10003829,Furniture,Furnishings,Stackable Trays,4.928,2,0.2,0.7392
US-2015-158911,7/5/15,7/11/15,Standard Class,RS-19765,Roland Schwarz,Corporate,United States,Charlotte,North Carolina,28205,South,OFF-LA-10003223,Office Supplies,Labels,Avery 508,11.784,3,0.2,4.2717
US-2014-103338,3/11/14,3/15/14,Standard Class,RB-19435,Richard Bierner,Consumer,United States,Roseville,California,95661,West,OFF-AR-10001770,Office Supplies,Art,Economy #2 Pencils,7.98,3,0,2.0748
US-2017-167318,7/26/17,8/1/17,Standard Class,GZ-14545,George Zrebassa,Corporate,United States,Los Angeles,California,90036,West,TEC-AC-10003870,Technology,Accessories,Logitech Z-906 Speaker sys - home theater - 5.1-CH,1649.95,5,0,659.98
US-2017-167318,7/26/17,8/1/17,Standard Class,GZ-14545,George Zrebassa,Corporate,United States,Los Angeles,California,90036,West,FUR-CH-10000665,Furniture,Chairs,"Global Airflow Leather Mesh Back Chair, Black",362.352,3,0.2,45.294
US-2014-120313,10/31/14,11/2/14,Second Class,NL-18310,Nancy Lomonaco,Home Office,United States,San Francisco,California,94110,West,TEC-PH-10003092,Technology,Phones,Motorola L804,73.584,2,0.2,8.2782
US-2017-105935,1/26/17,1/31/17,Standard Class,BD-11500,Bradley Drucker,Consumer,United States,Columbus,Georgia,31907,South,FUR-FU-10002157,Furniture,Furnishings,Artistic Insta-Plaque,62.72,4,0,24.4608
US-2017-105935,1/26/17,1/31/17,Standard Class,BD-11500,Bradley Drucker,Consumer,United States,Columbus,Georgia,31907,South,TEC-PH-10001459,Technology,Phones,Samsung Galaxy Mega 6.3,2939.93,7,0,764.3818
US-2016-149790,9/26/16,10/1/16,Standard Class,SC-20380,Shahid Collister,Consumer,United States,Houston,Texas,77095,Central,OFF-BI-10002026,Office Supplies,Binders,Ibico Recycled Linen-Style Covers,15.624,2,0.8,-24.9984
US-2014-155544,3/21/14,3/25/14,Standard Class,GM-14440,Gary McGarr,Consumer,United States,Knoxville,Tennessee,37918,South,OFF-LA-10004544,Office Supplies,Labels,Avery 505,59.2,5,0.2,22.2
US-2014-155544,3/21/14,3/25/14,Standard Class,GM-14440,Gary McGarr,Consumer,United States,Knoxville,Tennessee,37918,South,FUR-FU-10001473,Furniture,Furnishings,DAX Wood Document Frame,32.952,3,0.2,6.5904
US-2014-155544,3/21/14,3/25/14,Standard Class,GM-14440,Gary McGarr,Consumer,United States,Knoxville,Tennessee,37918,South,FUR-CH-10000422,Furniture,Chairs,Global Highback Leather Tilter in Burgundy,218.376,3,0.2,-10.9188
US-2015-115238,4/30/15,5/4/15,Standard Class,JW-15220,Jane Waco,Corporate,United States,Lawrence,Massachusetts,1841,East,FUR-FU-10002960,Furniture,Furnishings,"Eldon 200 Class Desk Accessories, Burgundy",31.4,5,0,13.188
US-2015-115238,4/30/15,5/4/15,Standard Class,JW-15220,Jane Waco,Corporate,United States,Lawrence,Massachusetts,1841,East,FUR-FU-10002445,Furniture,Furnishings,"DAX Two-Tone Rosewood/Black Document Frame, Desktop, 5 x 7",9.48,1,0,3.792
US-2015-115238,4/30/15,5/4/15,Standard Class,JW-15220,Jane Waco,Corporate,United States,Lawrence,Massachusetts,1841,East,TEC-PH-10001300,Technology,Phones,"iKross Bluetooth Portable Keyboard + Cell Phone Stand Holder + Brush for Apple iPhone 5S 5C 5, 4S 4",209.5,10,0,58.66
US-2015-115238,4/30/15,5/4/15,Standard Class,JW-15220,Jane Waco,Corporate,United States,Lawrence,Massachusetts,1841,East,FUR-FU-10001025,Furniture,Furnishings,"Eldon Imàge Series Desk Accessories, Clear",24.3,5,0,10.449
US-2015-115238,4/30/15,5/4/15,Standard Class,JW-15220,Jane Waco,Corporate,United States,Lawrence,Massachusetts,1841,East,OFF-PA-10002689,Office Supplies,Paper,Weyerhaeuser First Choice Laser/Copy Paper (20Lb. and 88 Bright),6.48,1,0,3.1104
US-2014-120236,9/3/14,9/4/14,First Class,MR-17545,Mathew Reese,Home Office,United States,Houston,Texas,77095,Central,OFF-BI-10004099,Office Supplies,Binders,GBC VeloBinder Strips,7.68,5,0.8,-11.52
US-2017-132220,11/12/17,11/16/17,Standard Class,DJ-13510,Don Jones,Corporate,United States,Tempe,Arizona,85281,West,TEC-AC-10004227,Technology,Accessories,SanDisk Ultra 16 GB MicroSDHC Class 10 Memory Card,62.352,6,0.2,-10.9116
US-2014-113124,3/30/14,4/5/14,Standard Class,NC-18340,Nat Carroll,Consumer,United States,Apple Valley,Minnesota,55124,Central,OFF-ST-10001511,Office Supplies,Storage,Space Solutions Commercial Steel Shelving,129.3,2,0,6.465
US-2014-127635,9/14/14,9/18/14,Second Class,SC-20260,Scott Cohen,Corporate,United States,Corpus Christi,Texas,78415,Central,OFF-FA-10000053,Office Supplies,Fasteners,Revere Boxed Rubber Bands by Revere,6.048,4,0.2,-1.3608
US-2014-127635,9/14/14,9/18/14,Second Class,SC-20260,Scott Cohen,Corporate,United States,Corpus Christi,Texas,78415,Central,OFF-PA-10004610,Office Supplies,Paper,Xerox 1900,6.848,2,0.2,2.14
US-2014-127635,9/14/14,9/18/14,Second Class,SC-20260,Scott Cohen,Corporate,United States,Corpus Christi,Texas,78415,Central,FUR-FU-10000550,Furniture,Furnishings,Stacking Trays by OIC,9.96,5,0.6,-6.723
US-2014-127635,9/14/14,9/18/14,Second Class,SC-20260,Scott Cohen,Corporate,United States,Corpus Christi,Texas,78415,Central,OFF-BI-10001721,Office Supplies,Binders,Trimflex Flexible Post Binders,8.552,2,0.8,-13.6832
US-2016-155173,3/6/16,3/10/16,Standard Class,JB-16045,Julia Barnett,Home Office,United States,Philadelphia,Pennsylvania,19120,East,TEC-PH-10004586,Technology,Phones,Wilson SignalBoost 841262 DB PRO Amplifier Kit,431.94,2,0.4,-71.99
US-2016-155173,3/6/16,3/10/16,Standard Class,JB-16045,Julia Barnett,Home Office,United States,Philadelphia,Pennsylvania,19120,East,OFF-BI-10002982,Office Supplies,Binders,Avery Self-Adhesive Photo Pockets for Polaroid Photos,2.043,1,0.7,-1.4982
US-2016-155173,3/6/16,3/10/16,Standard Class,JB-16045,Julia Barnett,Home Office,United States,Philadelphia,Pennsylvania,19120,East,TEC-PH-10002538,Technology,Phones,Grandstream GXP1160 VoIP phone,68.238,3,0.4,-12.5103
US-2017-118556,5/28/17,6/2/17,Second Class,TH-21235,Tiffany House,Corporate,United States,Chicago,Illinois,60653,Central,FUR-CH-10001146,Furniture,Chairs,"Global Task Chair, Black",106.869,3,0.3,-29.0073
US-2017-118556,5/28/17,6/2/17,Second Class,TH-21235,Tiffany House,Corporate,United States,Chicago,Illinois,60653,Central,OFF-BI-10004364,Office Supplies,Binders,Storex Dura Pro Binders,3.564,3,0.8,-6.237
US-2016-164196,11/11/16,11/17/16,Standard Class,AS-10285,Alejandro Savely,Corporate,United States,Noblesville,Indiana,46060,Central,FUR-TA-10001950,Furniture,Tables,Balt Solid Wood Round Tables,2678.94,6,0,241.1046
US-2017-132031,4/23/17,4/27/17,Standard Class,PN-18775,Parhena Norris,Home Office,United States,Clarksville,Tennessee,37042,South,FUR-BO-10001972,Furniture,Bookcases,O'Sullivan 4-Shelf Bookcase in Odessa Pine,387.136,4,0.2,-14.5176
US-2017-132031,4/23/17,4/27/17,Standard Class,PN-18775,Parhena Norris,Home Office,United States,Clarksville,Tennessee,37042,South,TEC-AC-10002473,Technology,Accessories,Maxell 4.7GB DVD-R,45.408,2,0.2,11.9196
US-2017-132031,4/23/17,4/27/17,Standard Class,PN-18775,Parhena Norris,Home Office,United States,Clarksville,Tennessee,37042,South,FUR-FU-10000193,Furniture,Furnishings,Tenex Chairmats For Use with Hard Floors,77.952,3,0.2,-11.6928
US-2017-132031,4/23/17,4/27/17,Standard Class,PN-18775,Parhena Norris,Home Office,United States,Clarksville,Tennessee,37042,South,OFF-LA-10000081,Office Supplies,Labels,Avery 496,3,1,0.2,1.05
US-2016-119270,3/12/16,3/16/16,Standard Class,SW-20245,Scot Wooten,Consumer,United States,Los Angeles,California,90036,West,OFF-PA-10004022,Office Supplies,Paper,Hammermill Color Copier Paper (28Lb. and 96 Bright),19.98,2,0,8.991
US-2017-118535,2/11/17,2/15/17,Standard Class,DJ-13510,Don Jones,Corporate,United States,New York City,New York,10024,East,OFF-LA-10001297,Office Supplies,Labels,Avery 473,20.7,2,0,9.936
US-2016-160206,4/1/16,4/7/16,Standard Class,MY-18295,Muhammed Yedwab,Corporate,United States,Milwaukee,Wisconsin,53209,Central,TEC-PH-10000148,Technology,Phones,Cyber Acoustics AC-202b Speech Recognition Stereo Headset,12.99,1,0,0.2598
US-2014-163146,5/16/14,5/20/14,Standard Class,CC-12475,Cindy Chapman,Consumer,United States,San Francisco,California,94122,West,TEC-AC-10002217,Technology,Accessories,Imation Clip USB flash drive - 8 GB,56.4,3,0,3.384
US-2017-102904,11/13/17,11/20/17,Standard Class,CB-12025,Cassandra Brandow,Consumer,United States,Decatur,Alabama,35601,South,TEC-AC-10000927,Technology,Accessories,Anker Ultrathin Bluetooth Wireless Keyboard Aluminum Cover with Stand ,239.92,8,0,23.992
US-2017-108315,4/30/17,5/4/17,Standard Class,MH-18115,Mick Hernandez,Home Office,United States,Sanford,Florida,32771,South,OFF-BI-10000822,Office Supplies,Binders,"Acco PRESSTEX Data Binder with Storage Hooks, Light Blue, 9 1/2"" X 11""",4.842,3,0.7,-3.5508
US-2017-108315,4/30/17,5/4/17,Standard Class,MH-18115,Mick Hernandez,Home Office,United States,Sanford,Florida,32771,South,FUR-FU-10000747,Furniture,Furnishings,Tenex B1-RE Series Chair Mats for Low Pile Carpets,220.704,6,0.2,-8.2764
US-2016-136581,11/10/16,11/12/16,First Class,SV-20365,Seth Vernon,Consumer,United States,Troy,Ohio,45373,East,OFF-PA-10002787,Office Supplies,Paper,Xerox 227,31.104,6,0.2,10.8864
US-2017-132927,12/9/17,12/15/17,Standard Class,RD-19720,Roger Demir,Consumer,United States,Philadelphia,Pennsylvania,19134,East,OFF-BI-10001116,Office Supplies,Binders,"Wilson Jones 1"" Hanging DublLock Ring Binders",11.088,7,0.7,-8.1312
US-2016-117387,10/27/16,10/31/16,Standard Class,PA-19060,Pete Armstrong,Home Office,United States,San Francisco,California,94122,West,OFF-BI-10004308,Office Supplies,Binders,Avery Legal 4-Ring Binder,67.136,4,0.2,25.176
US-2014-133949,12/31/14,12/31/14,Same Day,JL-15175,James Lanier,Home Office,United States,Reno,Nevada,89502,West,TEC-PH-10004908,Technology,Phones,Panasonic KX TS3282W Corded phone,475.944,7,0.2,59.493
US-2016-116365,1/3/16,1/8/16,Standard Class,CA-12310,Christine Abelman,Corporate,United States,San Antonio,Texas,78207,Central,TEC-AC-10002217,Technology,Accessories,Imation Clip USB flash drive - 8 GB,30.08,2,0.2,-5.264
US-2016-116365,1/3/16,1/8/16,Standard Class,CA-12310,Christine Abelman,Corporate,United States,San Antonio,Texas,78207,Central,TEC-AC-10002942,Technology,Accessories,WD My Passport Ultra 1TB Portable External Hard Drive,165.6,3,0.2,-6.21
US-2016-116365,1/3/16,1/8/16,Standard Class,CA-12310,Christine Abelman,Corporate,United States,San Antonio,Texas,78207,Central,TEC-PH-10002890,Technology,Phones,AT&T 17929 Lendline Telephone,180.96,5,0.2,13.572
US-2017-119319,11/6/17,11/9/17,Second Class,LC-17050,Liz Carlisle,Consumer,United States,Dallas,Texas,75217,Central,FUR-FU-10003878,Furniture,Furnishings,"Linden 10"" Round Wall Clock, Black",30.56,5,0.6,-19.864
US-2016-114230,11/27/16,12/1/16,Standard Class,CM-12235,Chris McAfee,Consumer,United States,Phoenix,Arizona,85023,West,OFF-ST-10000876,Office Supplies,Storage,Eldon Simplefile Box Office,39.808,4,0.2,3.9808
US-2017-148551,1/12/17,1/16/17,Standard Class,DB-13120,David Bremer,Corporate,United States,Dallas,Texas,75217,Central,OFF-BI-10000545,Office Supplies,Binders,GBC Ibimaster 500 Manual ProClick Binding System,760.98,5,0.8,-1141.47
US-2015-131842,12/5/15,12/8/15,First Class,RR-19525,Rick Reed,Corporate,United States,Nashville,Tennessee,37211,South,FUR-CH-10004477,Furniture,Chairs,"Global Push Button Manager's Chair, Indigo",97.424,2,0.2,10.9602
US-2014-159611,12/27/14,1/1/15,Second Class,KB-16315,Karl Braun,Consumer,United States,Cleveland,Ohio,44105,East,FUR-FU-10004904,Furniture,Furnishings,"Eldon ""L"" Workstation Diamond Chairmat",182.352,3,0.2,-18.2352
US-2014-159611,12/27/14,1/1/15,Second Class,KB-16315,Karl Braun,Consumer,United States,Cleveland,Ohio,44105,East,OFF-ST-10002790,Office Supplies,Storage,Safco Industrial Shelving,118.16,2,0.2,-25.109
US-2014-112795,8/23/14,8/28/14,Second Class,CR-12625,Corey Roper,Home Office,United States,Grand Rapids,Michigan,49505,Central,OFF-PA-10001934,Office Supplies,Paper,Xerox 1993,19.44,3,0,9.5256
US-2014-132745,10/1/14,10/5/14,Standard Class,NF-18475,Neil Französisch,Home Office,United States,Reno,Nevada,89502,West,OFF-FA-10000254,Office Supplies,Fasteners,Sterling Rubber Bands by Alliance,4.71,1,0,0
US-2015-145422,12/3/15,12/7/15,Standard Class,PW-19240,Pierre Wener,Consumer,United States,San Francisco,California,94110,West,FUR-BO-10002213,Furniture,Bookcases,"Sauder Forest Hills Library, Woodland Oak Finish",359.499,3,0.15,-29.6058
US-2016-135209,12/29/16,12/31/16,Second Class,MH-17290,Marc Harrigan,Home Office,United States,Miami,Florida,33178,South,OFF-PA-10002986,Office Supplies,Paper,Xerox 1898,37.408,7,0.2,13.0928
US-2016-135209,12/29/16,12/31/16,Second Class,MH-17290,Marc Harrigan,Home Office,United States,Miami,Florida,33178,South,OFF-PA-10000143,Office Supplies,Paper,Astroparche Fine Business Paper,25.344,6,0.2,8.8704
US-2014-169390,2/7/14,2/10/14,Second Class,CS-12250,Chris Selesnick,Corporate,United States,New York City,New York,10024,East,OFF-ST-10001558,Office Supplies,Storage,Acco Perma 4000 Stacking Storage Drawers,64.96,4,0,9.744
US-2017-131961,12/8/17,12/11/17,First Class,MJ-17740,Max Jones,Consumer,United States,Philadelphia,Pennsylvania,19140,East,OFF-AR-10004441,Office Supplies,Art,BIC Brite Liner Highlighters,13.248,4,0.2,3.6432
US-2017-131961,12/8/17,12/11/17,First Class,MJ-17740,Max Jones,Consumer,United States,Philadelphia,Pennsylvania,19140,East,TEC-PH-10001924,Technology,Phones,iHome FM Clock Radio with Lightning Dock,83.988,2,0.4,-20.997
US-2015-144771,10/2/15,10/4/15,First Class,CK-12205,Chloris Kastensmidt,Consumer,United States,Hillsboro,Oregon,97123,West,FUR-FU-10000629,Furniture,Furnishings,9-3/4 Diameter Round Wall Clock,11.032,1,0.2,3.0338
US-2015-144771,10/2/15,10/4/15,First Class,CK-12205,Chloris Kastensmidt,Consumer,United States,Hillsboro,Oregon,97123,West,TEC-AC-10002323,Technology,Accessories,SanDisk Ultra 32 GB MicroSDHC Class 10 Memory Card,53.04,3,0.2,-4.641
US-2015-163825,6/16/15,6/19/15,First Class,LC-16885,Lena Creighton,Consumer,United States,New York City,New York,10009,East,OFF-BI-10003527,Office Supplies,Binders,Fellowes PB500 Electric Punch Plastic Comb Binding Machine with Manual Bind,3050.376,3,0.2,1143.891
US-2015-163825,6/16/15,6/19/15,First Class,LC-16885,Lena Creighton,Consumer,United States,New York City,New York,10009,East,TEC-PH-10004922,Technology,Phones,RCA Visys Integrated PBX 8-Line Router,133.98,2,0,33.495
US-2017-129224,3/17/17,3/23/17,Standard Class,AS-10630,Ann Steele,Home Office,United States,Knoxville,Tennessee,37918,South,OFF-LA-10003190,Office Supplies,Labels,Avery 474,4.608,2,0.2,1.6704
US-2016-150140,4/6/16,4/10/16,Standard Class,VM-21685,Valerie Mitchum,Home Office,United States,Burlington,Vermont,05408,East,TEC-PH-10002555,Technology,Phones,Nortel Meridian M5316 Digital phone,1294.75,5,0,336.635
US-2017-100398,8/19/17,8/23/17,Standard Class,DO-13435,Denny Ordway,Consumer,United States,Salt Lake City,Utah,84106,West,OFF-BI-10002133,Office Supplies,Binders,"Wilson Jones Elliptical Ring 3 1/2"" Capacity Binders, 800 sheets",102.72,3,0.2,37.236
US-2017-110646,10/26/17,10/31/17,Standard Class,JF-15190,Jamie Frazer,Consumer,United States,Philadelphia,Pennsylvania,19134,East,OFF-BI-10004330,Office Supplies,Binders,"GBC Velobind Prepunched Cover Sets, Regency Series",33.282,3,0.7,-27.735
US-2017-110646,10/26/17,10/31/17,Standard Class,JF-15190,Jamie Frazer,Consumer,United States,Philadelphia,Pennsylvania,19134,East,TEC-PH-10002807,Technology,Phones,Motorla HX550 Universal Bluetooth Headset,118.65,5,0.4,19.775
US-2017-110646,10/26/17,10/31/17,Standard Class,JF-15190,Jamie Frazer,Consumer,United States,Philadelphia,Pennsylvania,19134,East,OFF-LA-10001404,Office Supplies,Labels,Avery 517,14.76,5,0.2,4.9815
US-2016-140172,3/8/16,3/13/16,Standard Class,SP-20650,Stephanie Phelps,Corporate,United States,Jackson,Michigan,49201,Central,OFF-AP-10004233,Office Supplies,Appliances,Honeywell Enviracaire Portable Air Cleaner for up to 8 x 10 Room,207.144,3,0.1,48.3336
US-2016-140172,3/8/16,3/13/16,Standard Class,SP-20650,Stephanie Phelps,Corporate,United States,Jackson,Michigan,49201,Central,OFF-AR-10002766,Office Supplies,Art,Prang Drawing Pencil Set,13.9,5,0,3.753
US-2014-157847,4/2/14,4/6/14,Second Class,SC-20020,Sam Craven,Consumer,United States,Houston,Texas,77095,Central,OFF-PA-10002986,Office Supplies,Paper,Xerox 1898,26.72,5,0.2,9.352
US-2014-157847,4/2/14,4/6/14,Second Class,SC-20020,Sam Craven,Consumer,United States,Houston,Texas,77095,Central,OFF-PA-10001593,Office Supplies,Paper,Xerox 1947,33.488,7,0.2,10.465
US-2017-132675,9/24/17,9/28/17,Standard Class,KF-16285,Karen Ferguson,Home Office,United States,Sandy Springs,Georgia,30328,South,OFF-ST-10004950,Office Supplies,Storage,"Tenex Personal Filing Tote With Secure Closure Lid, Black/Frost",15.51,1,0,3.8775
US-2017-132675,9/24/17,9/28/17,Standard Class,KF-16285,Karen Ferguson,Home Office,United States,Sandy Springs,Georgia,30328,South,TEC-PH-10003171,Technology,Phones,Plantronics Encore H101 Dual Earpieces Headset,89.9,2,0,25.172
US-2017-132675,9/24/17,9/28/17,Standard Class,KF-16285,Karen Ferguson,Home Office,United States,Sandy Springs,Georgia,30328,South,OFF-AR-10000614,Office Supplies,Art,Barrel Sharpener,14.28,4,0,3.7128
US-2017-132675,9/24/17,9/28/17,Standard Class,KF-16285,Karen Ferguson,Home Office,United States,Sandy Springs,Georgia,30328,South,OFF-AR-10000034,Office Supplies,Art,"BIC Brite Liner Grip Highlighters, Assorted, 5/Pack",12.72,3,0,4.9608
US-2017-132675,9/24/17,9/28/17,Standard Class,KF-16285,Karen Ferguson,Home Office,United States,Sandy Springs,Georgia,30328,South,OFF-LA-10003766,Office Supplies,Labels,Self-Adhesive Removable Labels,15.75,5,0,7.56
US-2016-112396,2/9/16,2/13/16,Standard Class,JR-16210,Justin Ritter,Corporate,United States,San Francisco,California,94110,West,TEC-AC-10003628,Technology,Accessories,Logitech 910-002974 M325 Wireless Mouse for Web Scrolling,89.97,3,0,39.5868
US-2016-112396,2/9/16,2/13/16,Standard Class,JR-16210,Justin Ritter,Corporate,United States,San Francisco,California,94110,West,TEC-AC-10004761,Technology,Accessories,Maxell 4.7GB DVD+RW 3/Pack,31.86,2,0,11.151
US-2015-115343,9/22/15,9/25/15,First Class,FO-14305,Frank Olsen,Consumer,United States,Philadelphia,Pennsylvania,19143,East,OFF-SU-10000898,Office Supplies,Supplies,"Acme Hot Forged Carbon Steel Scissors with Nickel-Plated Handles, 3 7/8"" Cut, 8""L",55.6,5,0.2,6.255
US-2015-115343,9/22/15,9/25/15,First Class,FO-14305,Frank Olsen,Consumer,United States,Philadelphia,Pennsylvania,19143,East,TEC-AC-10003832,Technology,Accessories,Logitech P710e Mobile Speakerphone,617.976,3,0.2,-7.7247
US-2017-114356,8/20/17,8/26/17,Standard Class,TT-21460,Tonja Turnell,Home Office,United States,Charlotte,North Carolina,28205,South,TEC-PH-10003171,Technology,Phones,Plantronics Encore H101 Dual Earpieces Headset,35.96,1,0.2,3.596
US-2014-105137,10/10/14,10/10/14,Same Day,RB-19435,Richard Bierner,Consumer,United States,Columbus,Ohio,43229,East,TEC-MA-10002694,Technology,Machines,Hewlett-Packard Deskjet F4180 All-in-One Color Ink-jet - Printer / copier / scanner,101.994,2,0.7,-71.3958
US-2014-105137,10/10/14,10/10/14,Same Day,RB-19435,Richard Bierner,Consumer,United States,Columbus,Ohio,43229,East,OFF-BI-10002429,Office Supplies,Binders,"Premier Elliptical Ring Binder, Black",18.264,2,0.7,-13.3936
US-2016-141264,8/13/16,8/19/16,Standard Class,CT-11995,Carol Triggs,Consumer,United States,Irving,Texas,75061,Central,OFF-SU-10003505,Office Supplies,Supplies,Premier Electric Letter Opener,185.376,2,0.2,-34.758
US-2016-141264,8/13/16,8/19/16,Standard Class,CT-11995,Carol Triggs,Consumer,United States,Irving,Texas,75061,Central,OFF-AP-10002534,Office Supplies,Appliances,3.6 Cubic Foot Counter Height Office Refrigerator,58.924,1,0.8,-153.2024
US-2015-107944,3/23/15,3/25/15,First Class,AM-10360,Alice McCarthy,Corporate,United States,Los Angeles,California,90008,West,OFF-PA-10000659,Office Supplies,Paper,"TOPS Carbonless Receipt Book, Four 2-3/4 x 7-1/4 Money Receipts per Page",192.72,11,0,92.5056
US-2015-107944,3/23/15,3/25/15,First Class,AM-10360,Alice McCarthy,Corporate,United States,Los Angeles,California,90008,West,TEC-AC-10000736,Technology,Accessories,Logitech G600 MMO Gaming Mouse,239.97,3,0,86.3892
US-2017-115252,10/20/17,10/25/17,Standard Class,MY-18295,Muhammed Yedwab,Corporate,United States,Durham,North Carolina,27707,South,TEC-PH-10004071,Technology,Phones,PayAnywhere Card Reader,15.984,2,0.2,1.3986
US-2017-115252,10/20/17,10/25/17,Standard Class,MY-18295,Muhammed Yedwab,Corporate,United States,Durham,North Carolina,27707,South,OFF-PA-10001667,Office Supplies,Paper,Great White Multi-Use Recycled Paper (20Lb. and 84 Bright),14.352,3,0.2,4.485
US-2016-126431,7/1/16,7/1/16,Same Day,SU-20665,Stephanie Ulpright,Home Office,United States,New York City,New York,10009,East,OFF-LA-10001474,Office Supplies,Labels,Avery 477,30.53,1,0,14.0438
US-2016-126431,7/1/16,7/1/16,Same Day,SU-20665,Stephanie Ulpright,Home Office,United States,New York City,New York,10009,East,TEC-AC-10001635,Technology,Accessories,KeyTronic KT400U2 - Keyboard - Black,30.84,3,0,6.168
US-2016-126431,7/1/16,7/1/16,Same Day,SU-20665,Stephanie Ulpright,Home Office,United States,New York City,New York,10009,East,OFF-PA-10001950,Office Supplies,Paper,Southworth 25% Cotton Antique Laid Paper & Envelopes,75.06,9,0,33.777
US-2016-144057,5/9/16,5/13/16,Standard Class,CV-12805,Cynthia Voltz,Corporate,United States,Austin,Texas,78745,Central,OFF-ST-10001490,Office Supplies,Storage,"Hot File 7-Pocket, Floor Stand",856.656,6,0.2,107.082
US-2016-144057,5/9/16,5/13/16,Standard Class,CV-12805,Cynthia Voltz,Corporate,United States,Austin,Texas,78745,Central,OFF-BI-10002852,Office Supplies,Binders,Ibico Standard Transparent Covers,13.184,4,0.8,-20.4352
US-2016-144057,5/9/16,5/13/16,Standard Class,CV-12805,Cynthia Voltz,Corporate,United States,Austin,Texas,78745,Central,OFF-AP-10000390,Office Supplies,Appliances,Euro Pro Shark Stick Mini Vacuum,48.784,4,0.8,-131.7168
US-2016-144057,5/9/16,5/13/16,Standard Class,CV-12805,Cynthia Voltz,Corporate,United States,Austin,Texas,78745,Central,OFF-PA-10004327,Office Supplies,Paper,Xerox 1911,76.64,2,0.2,26.824
US-2016-144057,5/9/16,5/13/16,Standard Class,CV-12805,Cynthia Voltz,Corporate,United States,Austin,Texas,78745,Central,OFF-BI-10002353,Office Supplies,Binders,GBC VeloBind Cover Sets,18.528,6,0.8,-27.792
US-2015-168704,4/13/15,4/17/15,Standard Class,FP-14320,Frank Preis,Consumer,United States,Huntsville,Texas,77340,Central,FUR-TA-10000688,Furniture,Tables,"Chromcraft Bull-Nose Wood Round Conference Table Top, Wood Base",609.98,4,0.3,-113.282
US-2015-168704,4/13/15,4/17/15,Standard Class,FP-14320,Frank Preis,Consumer,United States,Huntsville,Texas,77340,Central,FUR-TA-10002530,Furniture,Tables,"Iceberg OfficeWorks 42"" Round Tables",211.372,2,0.3,-45.294
US-2015-168704,4/13/15,4/17/15,Standard Class,FP-14320,Frank Preis,Consumer,United States,Huntsville,Texas,77340,Central,TEC-PH-10001061,Technology,Phones,Apple iPhone 5C,239.976,3,0.2,17.9982
US-2014-149034,11/19/14,11/21/14,First Class,RD-19900,Ruben Dartt,Consumer,United States,Philadelphia,Pennsylvania,19120,East,TEC-AC-10003023,Technology,Accessories,Logitech G105 Gaming Keyboard,47.496,1,0.2,-1.1874
US-2015-128587,12/24/15,12/30/15,Standard Class,HM-14860,Harry Marie,Corporate,United States,Springfield,Missouri,65807,Central,FUR-FU-10003026,Furniture,Furnishings,"Eldon Regeneration Recycled Desk Accessories, Black",9.68,2,0,3.7752
US-2015-128587,12/24/15,12/30/15,Standard Class,HM-14860,Harry Marie,Corporate,United States,Springfield,Missouri,65807,Central,TEC-CO-10003763,Technology,Copiers,Canon PC1060 Personal Laser Copier,4899.93,7,0,2302.9671
US-2017-139577,10/1/17,10/6/17,Standard Class,TN-21040,Tanja Norvell,Home Office,United States,San Francisco,California,94110,West,TEC-AC-10004708,Technology,Accessories,Sony 32GB Class 10 Micro SDHC R40 Memory Card,104.75,5,0,21.9975
US-2017-116491,11/11/17,11/13/17,First Class,PG-18820,Patrick Gardner,Consumer,United States,Dallas,Texas,75081,Central,TEC-PH-10004531,Technology,Phones,OtterBox Commuter Series Case - iPhone 5 & 5s,35.184,2,0.2,12.3144
US-2016-141880,8/22/16,8/23/16,First Class,TC-21475,Tony Chapman,Home Office,United States,Fort Collins,Colorado,80525,West,FUR-FU-10001979,Furniture,Furnishings,Dana Halogen Swing-Arm Architect Lamp,98.328,3,0.2,9.8328
US-2016-152415,9/17/16,9/22/16,Standard Class,PO-18865,Patrick O'Donnell,Consumer,United States,Marlborough,Massachusetts,1752,East,FUR-FU-10002597,Furniture,Furnishings,"C-Line Magnetic Cubicle Keepers, Clear Polypropylene",14.82,3,0,6.2244
US-2016-152415,9/17/16,9/22/16,Standard Class,PO-18865,Patrick O'Donnell,Consumer,United States,Marlborough,Massachusetts,1752,East,FUR-FU-10004864,Furniture,Furnishings,"Howard Miller 14-1/2"" Diameter Chrome Round Wall Clock",191.82,3,0,61.3824
US-2014-151015,10/14/14,10/20/14,Standard Class,BD-11500,Bradley Drucker,Consumer,United States,Chicago,Illinois,60653,Central,OFF-PA-10002581,Office Supplies,Paper,Xerox 1951,322.192,13,0.2,100.685
US-2014-151015,10/14/14,10/20/14,Standard Class,BD-11500,Bradley Drucker,Consumer,United States,Chicago,Illinois,60653,Central,OFF-BI-10000343,Office Supplies,Binders,"Pressboard Covers with Storage Hooks, 9 1/2"" x 11"", Light Blue",2.946,3,0.8,-4.8609
US-2014-151015,10/14/14,10/20/14,Standard Class,BD-11500,Bradley Drucker,Consumer,United States,Chicago,Illinois,60653,Central,OFF-PA-10001184,Office Supplies,Paper,Xerox 1903,19.136,4,0.2,6.9368
US-2015-136259,11/5/15,11/8/15,First Class,CB-12415,Christy Brittain,Consumer,United States,Lakewood,Ohio,44107,East,OFF-BI-10000773,Office Supplies,Binders,Insertable Tab Post Binder Dividers,7.218,3,0.7,-5.5338
US-2015-136259,11/5/15,11/8/15,First Class,CB-12415,Christy Brittain,Consumer,United States,Lakewood,Ohio,44107,East,OFF-SU-10004661,Office Supplies,Supplies,Acme Titanium Bonded Scissors,27.2,4,0.2,2.04
US-2014-124625,11/3/14,11/7/14,Standard Class,SP-20650,Stephanie Phelps,Corporate,United States,Omaha,Nebraska,68104,Central,TEC-AC-10003280,Technology,Accessories,Belkin F8E887 USB Wired Ergonomic Keyboard,89.97,3,0,18.8937
US-2017-148831,10/13/17,10/15/17,First Class,AH-10210,Alan Hwang,Consumer,United States,Louisville,Kentucky,40214,South,OFF-ST-10002974,Office Supplies,Storage,"Trav-L-File Heavy-Duty Shuttle II, Black",348.56,8,0,104.568
US-2015-132836,6/1/15,6/5/15,Standard Class,AJ-10945,Ashley Jarboe,Consumer,United States,Detroit,Michigan,48227,Central,TEC-PH-10001299,Technology,Phones,Polycom CX300 Desktop Phone USB VoIP phone,299.98,2,0,83.9944
US-2015-132836,6/1/15,6/5/15,Standard Class,AJ-10945,Ashley Jarboe,Consumer,United States,Detroit,Michigan,48227,Central,OFF-BI-10004224,Office Supplies,Binders,Catalog Binders with Expanding Posts,403.68,6,0,181.656
US-2015-132836,6/1/15,6/5/15,Standard Class,AJ-10945,Ashley Jarboe,Consumer,United States,Detroit,Michigan,48227,Central,TEC-PH-10001300,Technology,Phones,"iKross Bluetooth Portable Keyboard + Cell Phone Stand Holder + Brush for Apple iPhone 5S 5C 5, 4S 4",41.9,2,0,11.732
US-2015-132836,6/1/15,6/5/15,Standard Class,AJ-10945,Ashley Jarboe,Consumer,United States,Detroit,Michigan,48227,Central,OFF-LA-10004178,Office Supplies,Labels,Avery 491,28.91,7,0,13.2986
US-2014-158365,4/12/14,4/17/14,Standard Class,SV-20785,Stewart Visinsky,Consumer,United States,Bloomington,Indiana,47401,Central,OFF-PA-10000289,Office Supplies,Paper,Xerox 213,32.4,5,0,15.552
US-2016-155971,6/6/16,6/12/16,Standard Class,RB-19795,Ross Baird,Home Office,United States,Los Angeles,California,90036,West,OFF-LA-10000452,Office Supplies,Labels,Avery 488,22.05,7,0,10.584
US-2016-155971,6/6/16,6/12/16,Standard Class,RB-19795,Ross Baird,Home Office,United States,Los Angeles,California,90036,West,OFF-PA-10000210,Office Supplies,Paper,Xerox Blank Computer Paper,99.9,5,0,46.953
US-2016-158288,11/26/16,11/28/16,Second Class,EH-13945,Eric Hoffmann,Consumer,United States,Philadelphia,Pennsylvania,19120,East,OFF-BI-10003364,Office Supplies,Binders,Binding Machine Supplies,78.759,9,0.7,-57.7566
US-2017-147655,9/4/17,9/5/17,First Class,AS-10045,Aaron Smayling,Corporate,United States,Redmond,Oregon,97756,West,OFF-BI-10002931,Office Supplies,Binders,"Avery Trapezoid Extra Heavy Duty 4"" Binders",88.074,7,0.7,-58.716
US-2017-166688,5/20/17,5/26/17,Standard Class,RD-19480,Rick Duston,Consumer,United States,Las Vegas,Nevada,89115,West,OFF-BI-10004040,Office Supplies,Binders,Wilson Jones Impact Binders,8.288,2,0.2,3.0044
US-2017-166688,5/20/17,5/26/17,Standard Class,RD-19480,Rick Duston,Consumer,United States,Las Vegas,Nevada,89115,West,TEC-PH-10004094,Technology,Phones,Motorola L703CM,1123.128,9,0.2,70.1955
US-2017-166688,5/20/17,5/26/17,Standard Class,RD-19480,Rick Duston,Consumer,United States,Las Vegas,Nevada,89115,West,OFF-AP-10000358,Office Supplies,Appliances,Fellowes Basic Home/Office Series Surge Protectors,64.9,5,0,18.821
US-2016-165505,1/23/16,1/27/16,Standard Class,CB-12535,Claudia Bergmann,Corporate,United States,Burlington,Vermont,05408,East,TEC-AC-10002926,Technology,Accessories,Logitech Wireless Marathon Mouse M705,99.98,2,0,42.9914
US-2016-165505,1/23/16,1/27/16,Standard Class,CB-12535,Claudia Bergmann,Corporate,United States,Burlington,Vermont,05408,East,OFF-AR-10003477,Office Supplies,Art,4009 Highlighters,8.04,6,0,2.7336
US-2016-165505,1/23/16,1/27/16,Standard Class,CB-12535,Claudia Bergmann,Corporate,United States,Burlington,Vermont,05408,East,OFF-ST-10001526,Office Supplies,Storage,Iceberg Mobile Mega Data/Printer Cart ,1564.29,13,0,406.7154
US-2014-157070,6/1/14,6/6/14,Standard Class,QJ-19255,Quincy Jones,Corporate,United States,Detroit,Michigan,48234,Central,OFF-BI-10001765,Office Supplies,Binders,Wilson Jones Heavy-Duty Casebound Ring Binders with Metal Hinges,138.56,4,0,66.5088
US-2014-157070,6/1/14,6/6/14,Standard Class,QJ-19255,Quincy Jones,Corporate,United States,Detroit,Michigan,48234,Central,OFF-AP-10004859,Office Supplies,Appliances,Acco 6 Outlet Guardian Premium Surge Suppressor,65.52,5,0.1,12.376
US-2015-106873,9/24/15,9/29/15,Second Class,KM-16720,Kunst Miller,Consumer,United States,Avondale,Arizona,85323,West,OFF-AR-10003179,Office Supplies,Art,Dixon Ticonderoga Core-Lock Colored Pencils,14.576,2,0.2,2.3686
US-2015-106873,9/24/15,9/29/15,Second Class,KM-16720,Kunst Miller,Consumer,United States,Avondale,Arizona,85323,West,TEC-AC-10002345,Technology,Accessories,HP Standard 104 key PS/2 Keyboard,23.2,2,0.2,1.45
US-2015-106873,9/24/15,9/29/15,Second Class,KM-16720,Kunst Miller,Consumer,United States,Avondale,Arizona,85323,West,OFF-AR-10001246,Office Supplies,Art,Newell 317,16.464,7,0.2,1.8522
US-2016-155768,12/1/16,12/1/16,Same Day,LB-16795,Laurel Beltran,Home Office,United States,Oxnard,California,93030,West,FUR-FU-10000448,Furniture,Furnishings,Tenex Chairmats For Use With Carpeted Floors,31.96,2,0,1.598
US-2016-155768,12/1/16,12/1/16,Same Day,LB-16795,Laurel Beltran,Home Office,United States,Oxnard,California,93030,West,OFF-PA-10001357,Office Supplies,Paper,Xerox 1886,47.9,1,0,22.992
US-2016-155768,12/1/16,12/1/16,Same Day,LB-16795,Laurel Beltran,Home Office,United States,Oxnard,California,93030,West,OFF-ST-10002292,Office Supplies,Storage,"Sauder Facets Collection Locker/File Cabinet, Sky Alder Finish",1112.94,3,0,222.588
US-2016-155768,12/1/16,12/1/16,Same Day,LB-16795,Laurel Beltran,Home Office,United States,Oxnard,California,93030,West,OFF-EN-10001219,Office Supplies,Envelopes,"#10- 4 1/8"" x 9 1/2"" Security-Tint Envelopes",22.92,3,0,11.2308
US-2015-130512,8/21/15,8/25/15,Standard Class,SM-20320,Sean Miller,Home Office,United States,Allentown,Pennsylvania,18103,East,OFF-SU-10001935,Office Supplies,Supplies,Staple remover,3.488,2,0.2,-0.6976
US-2015-130512,8/21/15,8/25/15,Standard Class,SM-20320,Sean Miller,Home Office,United States,Allentown,Pennsylvania,18103,East,TEC-AC-10000290,Technology,Accessories,Sabrent 4-Port USB 2.0 Hub,21.728,4,0.2,3.8024
US-2015-130512,8/21/15,8/25/15,Standard Class,SM-20320,Sean Miller,Home Office,United States,Allentown,Pennsylvania,18103,East,OFF-ST-10002574,Office Supplies,Storage,"SAFCO Commercial Wire Shelving, Black",663.072,6,0.2,-165.768
US-2015-130512,8/21/15,8/25/15,Standard Class,SM-20320,Sean Miller,Home Office,United States,Allentown,Pennsylvania,18103,East,OFF-BI-10004519,Office Supplies,Binders,GBC DocuBind P100 Manual Binding Machine,99.588,2,0.7,-82.99
US-2015-130512,8/21/15,8/25/15,Standard Class,SM-20320,Sean Miller,Home Office,United States,Allentown,Pennsylvania,18103,East,OFF-PA-10003625,Office Supplies,Paper,Xerox 1979,49.568,2,0.2,15.49
US-2017-120908,9/30/17,10/2/17,First Class,BF-10975,Barbara Fisher,Corporate,United States,Philadelphia,Pennsylvania,19120,East,OFF-LA-10004677,Office Supplies,Labels,Self-Adhesive Address Labels for Typewriters with Dispenser Box,20.664,7,0.2,6.9741
US-2017-118157,11/14/17,11/17/17,First Class,AW-10930,Arthur Wiediger,Home Office,United States,Minneapolis,Minnesota,55407,Central,OFF-EN-10004459,Office Supplies,Envelopes,Security-Tint Envelopes,15.28,2,0,7.4872
US-2015-164238,8/16/15,8/20/15,Standard Class,JW-15955,Joni Wasserman,Consumer,United States,Philadelphia,Pennsylvania,19120,East,OFF-ST-10002352,Office Supplies,Storage,Iris Project Case,44.688,7,0.2,3.3516
US-2015-164238,8/16/15,8/20/15,Standard Class,JW-15955,Joni Wasserman,Consumer,United States,Philadelphia,Pennsylvania,19120,East,FUR-BO-10000780,Furniture,Bookcases,O'Sullivan Plantations 2-Door Library in Landvery Oak,301.47,3,0.5,-204.9996
US-2017-128118,11/24/17,12/1/17,Standard Class,MY-17380,Maribeth Yedwab,Corporate,United States,Memphis,Tennessee,38109,South,OFF-BI-10000216,Office Supplies,Binders,"Mead 1st Gear 2"" Zipper Binder, Asst. Colors",11.673,3,0.7,-7.782
US-2017-128118,11/24/17,12/1/17,Standard Class,MY-17380,Maribeth Yedwab,Corporate,United States,Memphis,Tennessee,38109,South,OFF-EN-10003448,Office Supplies,Envelopes,"Peel & Seel Recycled Catalog Envelopes, Brown",64.848,7,0.2,24.318
US-2017-102183,8/21/17,8/28/17,Standard Class,PK-19075,Pete Kriz,Consumer,United States,New York City,New York,10035,East,OFF-BI-10003476,Office Supplies,Binders,Avery Metallic Poly Binders,32.088,7,0.2,11.2308
US-2017-102183,8/21/17,8/28/17,Standard Class,PK-19075,Pete Kriz,Consumer,United States,New York City,New York,10035,East,OFF-BI-10001359,Office Supplies,Binders,GBC DocuBind TL300 Electric Binding System,4305.552,6,0.2,1453.1238
US-2014-134054,10/10/14,10/10/14,Same Day,FC-14335,Fred Chung,Corporate,United States,Albuquerque,New Mexico,87105,West,OFF-AR-10000937,Office Supplies,Art,"Dixon Ticonderoga Core-Lock Colored Pencils, 48-Color Set",255.85,7,0,112.574
US-2017-152898,9/11/17,9/15/17,Standard Class,CB-12025,Cassandra Brandow,Consumer,United States,Richmond,Virginia,23223,South,OFF-AP-10000027,Office Supplies,Appliances,Hoover Commercial SteamVac,67.9,5,0,20.37
US-2017-165456,11/30/17,12/3/17,First Class,TB-21625,Trudy Brown,Consumer,United States,Philadelphia,Pennsylvania,19134,East,FUR-CH-10003981,Furniture,Chairs,Global Commerce Series Low-Back Swivel/Tilt Chairs,1079.316,6,0.3,-15.4188
US-2017-116505,11/17/17,11/21/17,Second Class,TB-21625,Trudy Brown,Consumer,United States,Hagerstown,Maryland,21740,East,OFF-BI-10000050,Office Supplies,Binders,"Angle-D Binders with Locking Rings, Label Holders",43.8,6,0,20.586
US-2015-163433,4/18/15,4/22/15,Second Class,MP-17965,Michael Paige,Corporate,United States,Mcallen,Texas,78501,Central,TEC-AC-10003590,Technology,Accessories,"TRENDnet 56K USB 2.0 Phone, Internet and Fax Modem",41.424,2,0.2,8.2848
US-2015-163433,4/18/15,4/22/15,Second Class,MP-17965,Michael Paige,Corporate,United States,Mcallen,Texas,78501,Central,TEC-PH-10003357,Technology,Phones,Grandstream GXP2100 Mainstream Business Phone,244.768,4,0.2,24.4768
US-2015-163433,4/18/15,4/22/15,Second Class,MP-17965,Michael Paige,Corporate,United States,Mcallen,Texas,78501,Central,OFF-AR-10003373,Office Supplies,Art,"Boston School Pro Electric Pencil Sharpener, 1670",74.352,3,0.2,6.5058
US-2015-163433,4/18/15,4/22/15,Second Class,MP-17965,Michael Paige,Corporate,United States,Mcallen,Texas,78501,Central,OFF-BI-10003676,Office Supplies,Binders,"GBC Standard Recycled Report Covers, Clear Plastic Sheets",4.312,2,0.8,-6.8992
US-2015-163433,4/18/15,4/22/15,Second Class,MP-17965,Michael Paige,Corporate,United States,Mcallen,Texas,78501,Central,FUR-CH-10000225,Furniture,Chairs,"Global Geo Office Task Chair, Gray",56.686,1,0.3,-20.245
US-2015-163433,4/18/15,4/22/15,Second Class,MP-17965,Michael Paige,Corporate,United States,Mcallen,Texas,78501,Central,TEC-PH-10001870,Technology,Phones,Lunatik TT5L-002 Taktik Strike Impact Protection System for iPhone 5,97.968,2,0.2,6.123
US-2015-163433,4/18/15,4/22/15,Second Class,MP-17965,Michael Paige,Corporate,United States,Mcallen,Texas,78501,Central,OFF-AR-10003481,Office Supplies,Art,Newell 348,7.872,3,0.2,0.8856
US-2015-163433,4/18/15,4/22/15,Second Class,MP-17965,Michael Paige,Corporate,United States,Mcallen,Texas,78501,Central,OFF-PA-10003936,Office Supplies,Paper,Xerox 1994,15.552,3,0.2,5.4432
US-2015-163433,4/18/15,4/22/15,Second Class,MP-17965,Michael Paige,Corporate,United States,Mcallen,Texas,78501,Central,OFF-BI-10000320,Office Supplies,Binders,GBC Plastic Binding Combs,1.476,1,0.8,-2.2878
US-2016-102141,8/26/16,8/31/16,Standard Class,KD-16615,Ken Dana,Corporate,United States,New York City,New York,10024,East,OFF-BI-10001510,Office Supplies,Binders,Deluxe Heavy-Duty Vinyl Round Ring Binder,146.688,8,0.2,45.84
US-2017-108343,7/20/17,7/25/17,Standard Class,AR-10825,Anthony Rawles,Corporate,United States,New York City,New York,10009,East,OFF-PA-10000743,Office Supplies,Paper,Xerox 1977,13.36,2,0,6.4128
US-2017-108343,7/20/17,7/25/17,Standard Class,AR-10825,Anthony Rawles,Corporate,United States,New York City,New York,10009,East,FUR-CH-10002780,Furniture,Chairs,Office Star - Task Chair with Contemporary Loop Arms,163.764,2,0.1,25.4744
US-2017-108343,7/20/17,7/25/17,Standard Class,AR-10825,Anthony Rawles,Corporate,United States,New York City,New York,10009,East,FUR-FU-10000747,Furniture,Furnishings,Tenex B1-RE Series Chair Mats for Low Pile Carpets,183.92,4,0,31.2664
US-2016-111563,11/4/16,11/8/16,Standard Class,SM-20005,Sally Matthias,Consumer,United States,Houston,Texas,77041,Central,FUR-FU-10002445,Furniture,Furnishings,"DAX Two-Tone Rosewood/Black Document Frame, Desktop, 5 x 7",11.376,3,0.6,-5.688
US-2016-111563,11/4/16,11/8/16,Standard Class,SM-20005,Sally Matthias,Consumer,United States,Houston,Texas,77041,Central,FUR-FU-10000723,Furniture,Furnishings,"Deflect-o EconoMat Studded, No Bevel Mat for Low Pile Carpeting",66.112,4,0.6,-84.2928
US-2017-130687,9/7/17,9/10/17,First Class,PF-19225,Phillip Flathmann,Consumer,United States,Edmonds,Washington,98026,West,FUR-FU-10004053,Furniture,Furnishings,DAX Two-Tone Silver Metal Document Frame,80.96,4,0,34.8128
US-2017-130687,9/7/17,9/10/17,First Class,PF-19225,Phillip Flathmann,Consumer,United States,Edmonds,Washington,98026,West,TEC-PH-10002033,Technology,Phones,Konftel 250 Conference phone - Charcoal black,455.712,2,0.2,34.1784
US-2017-130687,9/7/17,9/10/17,First Class,PF-19225,Phillip Flathmann,Consumer,United States,Edmonds,Washington,98026,West,OFF-AR-10004260,Office Supplies,Art,Boston 1799 Powerhouse Electric Pencil Sharpener,25.98,1,0,7.2744
US-2015-153283,11/12/15,11/18/15,Standard Class,EB-14110,Eugene Barchas,Consumer,United States,New York City,New York,10035,East,OFF-EN-10001539,Office Supplies,Envelopes,Staple envelope,15.56,2,0,7.3132
US-2014-166828,8/22/14,8/25/14,First Class,JF-15415,Jennifer Ferguson,Consumer,United States,Saint Charles,Missouri,63301,Central,OFF-PA-10001846,Office Supplies,Paper,Xerox 1899,11.56,2,0,5.6644
US-2017-127292,1/19/17,1/23/17,Standard Class,RM-19375,Raymond Messe,Consumer,United States,Burlington,Vermont,05408,East,OFF-PA-10000157,Office Supplies,Paper,Xerox 191,79.92,4,0,37.5624
US-2017-127292,1/19/17,1/23/17,Standard Class,RM-19375,Raymond Messe,Consumer,United States,Burlington,Vermont,05408,East,OFF-PA-10001970,Office Supplies,Paper,Xerox 1881,12.28,1,0,5.7716
US-2017-127292,1/19/17,1/23/17,Standard Class,RM-19375,Raymond Messe,Consumer,United States,Burlington,Vermont,05408,East,OFF-AP-10000828,Office Supplies,Appliances,Avanti 4.4 Cu. Ft. Refrigerator,542.94,3,0,152.0232
US-2017-127292,1/19/17,1/23/17,Standard Class,RM-19375,Raymond Messe,Consumer,United States,Burlington,Vermont,05408,East,OFF-EN-10001509,Office Supplies,Envelopes,Poly String Tie Envelopes,2.04,1,0,0.9588
US-2017-110149,12/10/17,12/13/17,First Class,WB-21850,William Brown,Consumer,United States,Philadelphia,Pennsylvania,19143,East,OFF-BI-10000014,Office Supplies,Binders,Heavy-Duty E-Z-D Binders,3.273,1,0.7,-2.5093
US-2017-110149,12/10/17,12/13/17,First Class,WB-21850,William Brown,Consumer,United States,Philadelphia,Pennsylvania,19143,East,FUR-FU-10001475,Furniture,Furnishings,"Contract Clock, 14"", Brown",87.92,5,0.2,15.386
US-2014-154655,10/12/14,10/17/14,Standard Class,BP-11050,Barry Pond,Corporate,United States,Chicago,Illinois,60623,Central,OFF-SU-10000898,Office Supplies,Supplies,"Acme Hot Forged Carbon Steel Scissors with Nickel-Plated Handles, 3 7/8"" Cut, 8""L",22.24,2,0.2,2.502
US-2016-148957,9/17/16,9/23/16,Standard Class,CC-12430,Chuck Clark,Home Office,United States,Redmond,Washington,98052,West,OFF-LA-10002195,Office Supplies,Labels,Avery 481,12.32,4,0,5.9136
US-2017-109610,11/25/17,11/30/17,Second Class,BS-11590,Brendan Sweed,Corporate,United States,Louisville,Kentucky,40214,South,FUR-CH-10001854,Furniture,Chairs,Office Star - Professional Matrix Back Chair with 2-to-1 Synchro Tilt and Mesh Fabric Seat,701.96,2,0,168.4704
US-2017-125213,12/11/17,12/13/17,First Class,NB-18655,Nona Balk,Corporate,United States,Paterson,New Jersey,7501,East,OFF-FA-10001561,Office Supplies,Fasteners,Stockwell Push Pins,6.54,3,0,2.1582
US-2016-102232,8/5/16,8/11/16,Standard Class,MF-17665,Maureen Fritzler,Corporate,United States,Huntsville,Alabama,35810,South,OFF-AR-10000538,Office Supplies,Art,"Boston Model 1800 Electric Pencil Sharpener, Gray",197.05,7,0,59.115
US-2016-123610,5/12/16,5/16/16,Standard Class,VM-21835,Vivian Mathis,Consumer,United States,Mission Viejo,California,92691,West,TEC-AC-10004518,Technology,Accessories,Memorex Mini Travel Drive 32 GB USB 2.0 Flash Drive,120,6,0,46.8
US-2016-123610,5/12/16,5/16/16,Standard Class,VM-21835,Vivian Mathis,Consumer,United States,Mission Viejo,California,92691,West,OFF-AP-10002222,Office Supplies,Appliances,Staple holder,8.67,1,0,2.3409
US-2015-158589,11/20/15,11/24/15,Standard Class,KW-16570,Kelly Williams,Consumer,United States,San Francisco,California,94109,West,FUR-FU-10001546,Furniture,Furnishings,Dana Swing-Arm Lamps,32.04,3,0,8.01
US-2017-104451,5/8/17,5/12/17,Second Class,MM-18055,Michelle Moray,Consumer,United States,San Francisco,California,94110,West,OFF-AP-10000692,Office Supplies,Appliances,Fellowes Mighty 8 Compact Surge Protector,81.08,4,0,22.7024
US-2017-169488,9/7/17,9/9/17,First Class,AA-10375,Allen Armold,Consumer,United States,Providence,Rhode Island,2908,East,OFF-PA-10002659,Office Supplies,Paper,Avoid Verbal Orders Carbonless Minifold Book,16.9,5,0,7.774
US-2017-169488,9/7/17,9/9/17,First Class,AA-10375,Allen Armold,Consumer,United States,Providence,Rhode Island,2908,East,OFF-PA-10000157,Office Supplies,Paper,Xerox 191,39.96,2,0,18.7812
US-2017-129203,4/17/17,4/22/17,Standard Class,BM-11575,Brendan Murry,Corporate,United States,Chicago,Illinois,60653,Central,OFF-ST-10001418,Office Supplies,Storage,Carina Media Storage Towers in Natural & Black,195.136,4,0.2,-43.9056
US-2016-105452,7/28/16,8/1/16,Standard Class,BF-11005,Barry Franz,Home Office,United States,Pasadena,Texas,77506,Central,FUR-FU-10003691,Furniture,Furnishings,"Eldon Image Series Desk Accessories, Ebony",24.7,5,0.6,-9.88
US-2016-105452,7/28/16,8/1/16,Standard Class,BF-11005,Barry Franz,Home Office,United States,Pasadena,Texas,77506,Central,FUR-FU-10003806,Furniture,Furnishings,"Tenex Chairmat w/ Average Lip, 45"" x 53""",302.72,5,0.6,-378.4
US-2017-122672,11/4/17,11/9/17,Standard Class,HG-14965,Henry Goldwyn,Corporate,United States,Lancaster,Ohio,43130,East,TEC-AC-10002323,Technology,Accessories,SanDisk Ultra 32 GB MicroSDHC Class 10 Memory Card,70.72,4,0.2,-6.188
US-2017-122672,11/4/17,11/9/17,Standard Class,HG-14965,Henry Goldwyn,Corporate,United States,Lancaster,Ohio,43130,East,OFF-ST-10002344,Office Supplies,Storage,"Carina 42""Hx23 3/4""W Media Storage Unit",194.352,3,0.2,-43.7292
US-2017-125808,11/12/17,11/15/17,Second Class,EP-13915,Emily Phan,Consumer,United States,Los Angeles,California,90032,West,OFF-PA-10001846,Office Supplies,Paper,Xerox 1899,11.56,2,0,5.6644
US-2017-107979,6/8/17,6/13/17,Standard Class,FO-14305,Frank Olsen,Consumer,United States,Glendale,Arizona,85301,West,TEC-AC-10002006,Technology,Accessories,Memorex Micro Travel Drive 16 GB,89.544,7,0.2,12.3123
US-2017-107979,6/8/17,6/13/17,Standard Class,FO-14305,Frank Olsen,Consumer,United States,Glendale,Arizona,85301,West,OFF-ST-10002485,Office Supplies,Storage,Rogers Deluxe File Chest,35.168,2,0.2,-8.3524
US-2017-107979,6/8/17,6/13/17,Standard Class,FO-14305,Frank Olsen,Consumer,United States,Glendale,Arizona,85301,West,OFF-BI-10000778,Office Supplies,Binders,GBC VeloBinder Electric Binding Machine,72.588,2,0.7,-48.392
US-2015-120957,12/7/15,12/7/15,Same Day,KH-16690,Kristen Hastings,Corporate,United States,Riverside,California,92503,West,OFF-PA-10003953,Office Supplies,Paper,Xerox 218,12.96,2,0,6.2208
US-2017-140312,11/13/17,11/19/17,Standard Class,KL-16645,Ken Lonsdale,Consumer,United States,Dublin,California,94568,West,TEC-PH-10003442,Technology,Phones,Samsung Replacement EH64AVFWE Premium Headset,22,5,0.2,1.375
US-2014-164644,7/22/14,7/24/14,Second Class,JL-15850,John Lucas,Consumer,United States,Houston,Texas,77095,Central,OFF-ST-10003123,Office Supplies,Storage,Fellowes Bases and Tops For Staxonsteel/High-Stak Systems,26.632,1,0.2,1.3316
US-2014-120175,11/28/14,12/3/14,Standard Class,MC-17635,Matthew Clasen,Corporate,United States,Richmond,Indiana,47374,Central,OFF-EN-10003862,Office Supplies,Envelopes,Laser & Ink Jet Business Envelopes,64.02,6,0,29.4492
US-2017-130603,9/30/17,10/6/17,Standard Class,SC-20050,Sample Company A,Home Office,United States,Arlington,Texas,76017,Central,OFF-BI-10000301,Office Supplies,Binders,GBC Instant Report Kit,11.646,9,0.8,-17.469
US-2017-135986,6/20/17,6/27/17,Standard Class,PG-18895,Paul Gonzalez,Consumer,United States,Richmond,Virginia,23223,South,OFF-PA-10001534,Office Supplies,Paper,Xerox 230,32.4,5,0,15.552
US-2017-135986,6/20/17,6/27/17,Standard Class,PG-18895,Paul Gonzalez,Consumer,United States,Richmond,Virginia,23223,South,TEC-PH-10003691,Technology,Phones,BlackBerry Q10,503.96,4,0,125.99
US-2016-151260,12/11/16,12/14/16,First Class,SC-20695,Steve Chapman,Corporate,United States,Springfield,Ohio,45503,East,OFF-AP-10002892,Office Supplies,Appliances,Belkin F5C206VTEL 6 Outlet Surge,73.536,4,0.2,9.192
US-2016-144477,8/12/16,8/14/16,Second Class,DB-13270,Deborah Brumfield,Home Office,United States,Philadelphia,Pennsylvania,19134,East,OFF-AR-10000914,Office Supplies,Art,Boston 16765 Mini Stand Up Battery Pencil Sharpener,37.312,4,0.2,2.7984
US-2015-100069,6/29/15,7/3/15,Standard Class,NF-18475,Neil Französisch,Home Office,United States,Omaha,Nebraska,68104,Central,TEC-PH-10004667,Technology,Phones,Cisco 8x8 Inc. 6753i IP Business Phone System,269.98,2,0,72.8946
US-2014-140914,11/11/14,11/15/14,Standard Class,BH-11710,Brosina Hoffman,Consumer,United States,Chicago,Illinois,60653,Central,FUR-FU-10000175,Furniture,Furnishings,DAX Wood Document Frame.,10.984,2,0.6,-7.9634
US-2014-140914,11/11/14,11/15/14,Standard Class,BH-11710,Brosina Hoffman,Consumer,United States,Chicago,Illinois,60653,Central,FUR-CH-10003379,Furniture,Chairs,Global Commerce Series High-Back Swivel/Tilt Chairs,797.944,4,0.3,-56.996
US-2016-158680,7/1/16,7/2/16,First Class,NZ-18565,Nick Zandusky,Home Office,United States,Seattle,Washington,98115,West,OFF-BI-10000145,Office Supplies,Binders,Zipper Ring Binder Pockets,2.496,1,0.2,0.9048
US-2014-114377,11/5/14,11/5/14,Same Day,BG-11035,Barry Gonzalez,Consumer,United States,Hampton,Virginia,23666,South,FUR-CH-10004754,Furniture,Chairs,"Global Stack Chair with Arms, Black",149.9,5,0,40.473
US-2014-139640,11/7/14,11/11/14,Second Class,TB-21595,Troy Blackwell,Consumer,United States,Portland,Oregon,97206,West,OFF-PA-10000304,Office Supplies,Paper,Xerox 1995,25.92,5,0.2,9.072
US-2014-139640,11/7/14,11/11/14,Second Class,TB-21595,Troy Blackwell,Consumer,United States,Portland,Oregon,97206,West,OFF-AR-10002240,Office Supplies,Art,Panasonic KP-150 Electric Pencil Sharpener,120.768,4,0.2,9.0576
US-2014-164406,8/15/14,8/19/14,Standard Class,BD-11605,Brian Dahlen,Consumer,United States,San Francisco,California,94122,West,OFF-AP-10003287,Office Supplies,Appliances,Tripp Lite TLP810NET Broadband Surge for Modem/Fax,152.91,3,0,42.8148
US-2014-164406,8/15/14,8/19/14,Standard Class,BD-11605,Brian Dahlen,Consumer,United States,San Francisco,California,94122,West,OFF-PA-10000167,Office Supplies,Paper,Xerox 1925,92.94,3,0,41.823
US-2014-164406,8/15/14,8/19/14,Standard Class,BD-11605,Brian Dahlen,Consumer,United States,San Francisco,California,94122,West,OFF-BI-10002309,Office Supplies,Binders,Avery Heavy-Duty EZD  Binder With Locking Rings,17.856,4,0.2,6.2496
US-2014-164406,8/15/14,8/19/14,Standard Class,BD-11605,Brian Dahlen,Consumer,United States,San Francisco,California,94122,West,OFF-BI-10003638,Office Supplies,Binders,GBC Durable Plastic Covers,46.44,3,0.2,15.093
US-2014-164406,8/15/14,8/19/14,Standard Class,BD-11605,Brian Dahlen,Consumer,United States,San Francisco,California,94122,West,FUR-CH-10003833,Furniture,Chairs,Novimex Fabric Task Chair,195.136,4,0.2,-12.196
US-2017-152842,7/16/17,7/23/17,Standard Class,NF-18385,Natalie Fritzler,Consumer,United States,Charlotte,North Carolina,28205,South,FUR-CH-10004218,Furniture,Chairs,"Global Fabric Manager's Chair, Dark Gray",242.352,3,0.2,15.147
US-2016-125402,9/25/16,10/1/16,Standard Class,DL-12865,Dan Lawera,Consumer,United States,Long Beach,California,90805,West,OFF-PA-10000141,Office Supplies,Paper,"Ampad Evidence Wirebond Steno Books, 6"" x 9""",10.9,5,0,5.123
US-2016-125402,9/25/16,10/1/16,Standard Class,DL-12865,Dan Lawera,Consumer,United States,Long Beach,California,90805,West,OFF-LA-10003923,Office Supplies,Labels,Alphabetical Labels for Top Tab Filing,29.6,2,0,14.8
US-2016-125402,9/25/16,10/1/16,Standard Class,DL-12865,Dan Lawera,Consumer,United States,Long Beach,California,90805,West,OFF-LA-10001771,Office Supplies,Labels,Avery 513,4.98,1,0,2.2908
US-2016-125402,9/25/16,10/1/16,Standard Class,DL-12865,Dan Lawera,Consumer,United States,Long Beach,California,90805,West,TEC-CO-10001943,Technology,Copiers,Canon PC-428 Personal Copier,479.976,3,0.2,161.9919
US-2016-125402,9/25/16,10/1/16,Standard Class,DL-12865,Dan Lawera,Consumer,United States,Long Beach,California,90805,West,TEC-PH-10003356,Technology,Phones,"SmartStand Mobile Device Holder, Assorted Colors",44.736,8,0.2,4.4736
US-2016-125402,9/25/16,10/1/16,Standard Class,DL-12865,Dan Lawera,Consumer,United States,Long Beach,California,90805,West,OFF-AR-10002255,Office Supplies,Art,Newell 346,5.76,2,0,1.6704
US-2016-125402,9/25/16,10/1/16,Standard Class,DL-12865,Dan Lawera,Consumer,United States,Long Beach,California,90805,West,FUR-CH-10000665,Furniture,Chairs,"Global Airflow Leather Mesh Back Chair, Black",483.136,4,0.2,60.392
US-2015-116981,3/26/15,3/28/15,Second Class,SM-20950,Suzanne McNair,Corporate,United States,New York City,New York,10009,East,OFF-ST-10002615,Office Supplies,Storage,"Dual Level, Single-Width Filing Carts",1085.42,7,0,282.2092
US-2015-116981,3/26/15,3/28/15,Second Class,SM-20950,Suzanne McNair,Corporate,United States,New York City,New York,10009,East,OFF-AP-10000595,Office Supplies,Appliances,Disposable Triple-Filter Dust Bags,13.11,3,0,3.4086
US-2017-166324,4/20/17,4/21/17,First Class,BE-11455,Brad Eason,Home Office,United States,Cleveland,Ohio,44105,East,OFF-ST-10000078,Office Supplies,Storage,Tennsco 6- and 18-Compartment Lockers,848.544,4,0.2,-21.2136
US-2017-166324,4/20/17,4/21/17,First Class,BE-11455,Brad Eason,Home Office,United States,Cleveland,Ohio,44105,East,OFF-BI-10000174,Office Supplies,Binders,"Wilson Jones Clip & Carry Folder Binder Tool for Ring Binders, Clear",8.7,5,0.7,-6.38
US-2017-166324,4/20/17,4/21/17,First Class,BE-11455,Brad Eason,Home Office,United States,Cleveland,Ohio,44105,East,TEC-PH-10004080,Technology,Phones,Avaya 5410 Digital phone,122.382,3,0.4,-24.4764
US-2016-115441,7/25/16,7/28/16,Second Class,SH-19975,Sally Hughsby,Corporate,United States,Milwaukee,Wisconsin,53209,Central,OFF-PA-10004996,Office Supplies,Paper,"Speediset Carbonless Redi-Letter 7"" x 8 1/2""",20.62,2,0,9.6914
US-2016-115441,7/25/16,7/28/16,Second Class,SH-19975,Sally Hughsby,Corporate,United States,Milwaukee,Wisconsin,53209,Central,TEC-AC-10003116,Technology,Accessories,Memorex Froggy Flash Drive 8 GB,124.25,7,0,48.4575
US-2016-115441,7/25/16,7/28/16,Second Class,SH-19975,Sally Hughsby,Corporate,United States,Milwaukee,Wisconsin,53209,Central,TEC-PH-10002262,Technology,Phones,LG Electronics Tone+ HBS-730 Bluetooth Headset,297.55,5,0,83.314
US-2016-115441,7/25/16,7/28/16,Second Class,SH-19975,Sally Hughsby,Corporate,United States,Milwaukee,Wisconsin,53209,Central,FUR-CH-10004626,Furniture,Chairs,Office Star Flex Back Scooter Chair with Aluminum Finish Frame,403.56,4,0,96.8544
US-2016-115441,7/25/16,7/28/16,Second Class,SH-19975,Sally Hughsby,Corporate,United States,Milwaukee,Wisconsin,53209,Central,FUR-FU-10001756,Furniture,Furnishings,"Eldon Expressions Desk Accessory, Wood Photo Frame, Mahogany",95.2,5,0,27.608
US-2014-117380,3/28/14,4/3/14,Standard Class,MP-18175,Mike Pelletier,Home Office,United States,Springfield,Ohio,45503,East,FUR-TA-10000198,Furniture,Tables,Chromcraft Bull-Nose Wood Oval Conference Tables & Bases,330.588,1,0.4,-143.2548
US-2015-129007,9/13/15,9/15/15,First Class,KD-16615,Ken Dana,Corporate,United States,Anaheim,California,92804,West,FUR-FU-10004973,Furniture,Furnishings,Flat Face Poster Frame,131.88,7,0,55.3896
US-2015-129007,9/13/15,9/15/15,First Class,KD-16615,Ken Dana,Corporate,United States,Anaheim,California,92804,West,OFF-BI-10001628,Office Supplies,Binders,"Acco Data Flex Cable Posts For Top & Bottom Load Binders, 6"" Capacity",25.032,3,0.2,7.8225
US-2015-129007,9/13/15,9/15/15,First Class,KD-16615,Ken Dana,Corporate,United States,Anaheim,California,92804,West,FUR-CH-10000155,Furniture,Chairs,Global Comet Stacking Armless Chair,717.72,3,0.2,71.772
US-2015-129007,9/13/15,9/15/15,First Class,KD-16615,Ken Dana,Corporate,United States,Anaheim,California,92804,West,FUR-FU-10002379,Furniture,Furnishings,Eldon Econocleat Chair Mats for Low Pile Carpets,207.35,5,0,24.882
US-2015-129007,9/13/15,9/15/15,First Class,KD-16615,Ken Dana,Corporate,United States,Anaheim,California,92804,West,FUR-FU-10004018,Furniture,Furnishings,Tensor Computer Mounted Lamp,44.67,3,0,12.0609
US-2015-129007,9/13/15,9/15/15,First Class,KD-16615,Ken Dana,Corporate,United States,Anaheim,California,92804,West,OFF-PA-10000994,Office Supplies,Paper,Xerox 1915,209.7,2,0,100.656
US-2014-157231,4/5/14,4/9/14,Standard Class,RP-19855,Roy Phan,Corporate,United States,Richmond,Kentucky,40475,South,OFF-BI-10002852,Office Supplies,Binders,Ibico Standard Transparent Covers,115.36,7,0,56.5264
US-2017-162124,5/6/17,5/10/17,Standard Class,JF-15490,Jeremy Farry,Consumer,United States,Chicago,Illinois,60653,Central,TEC-AC-10001990,Technology,Accessories,Kensington Orbit Wireless Mobile Trackball for PC and Mac,191.968,4,0.2,28.7952
US-2014-143287,11/11/14,11/17/14,Standard Class,KN-16705,Kristina Nunn,Home Office,United States,New Rochelle,New York,10801,East,OFF-PA-10001776,Office Supplies,Paper,"Wirebound Message Books, Four 2 3/4"" x 5"" Forms per Page, 600 Sets per Book",46.35,5,0,21.7845
US-2014-143287,11/11/14,11/17/14,Standard Class,KN-16705,Kristina Nunn,Home Office,United States,New Rochelle,New York,10801,East,OFF-PA-10004039,Office Supplies,Paper,Xerox 1882,223.92,4,0,109.7208
US-2014-143287,11/11/14,11/17/14,Standard Class,KN-16705,Kristina Nunn,Home Office,United States,New Rochelle,New York,10801,East,OFF-SU-10001574,Office Supplies,Supplies,Acme Value Line Scissors,7.3,2,0,2.19
US-2016-103674,12/6/16,12/10/16,Standard Class,AP-10720,Anne Pryor,Home Office,United States,Los Angeles,California,90032,West,TEC-PH-10004080,Technology,Phones,Avaya 5410 Digital phone,271.96,5,0.2,27.196
US-2016-103674,12/6/16,12/10/16,Standard Class,AP-10720,Anne Pryor,Home Office,United States,Los Angeles,California,90032,West,OFF-AR-10004752,Office Supplies,Art,Blackstonian Pencils,18.69,7,0,5.2332
US-2016-103674,12/6/16,12/10/16,Standard Class,AP-10720,Anne Pryor,Home Office,United States,Los Angeles,California,90032,West,OFF-PA-10000743,Office Supplies,Paper,Xerox 1977,13.36,2,0,6.4128
US-2016-103674,12/6/16,12/10/16,Standard Class,AP-10720,Anne Pryor,Home Office,United States,Los Angeles,California,90032,West,TEC-PH-10002496,Technology,Phones,Cisco SPA301,249.584,2,0.2,31.198
US-2016-103674,12/6/16,12/10/16,Standard Class,AP-10720,Anne Pryor,Home Office,United States,Los Angeles,California,90032,West,OFF-FA-10003467,Office Supplies,Fasteners,"Alliance Big Bands Rubber Bands, 12/Pack",13.86,7,0,0
US-2016-103674,12/6/16,12/10/16,Standard Class,AP-10720,Anne Pryor,Home Office,United States,Los Angeles,California,90032,West,OFF-BI-10003727,Office Supplies,Binders,Avery Durable Slant Ring Binders With Label Holder,13.376,4,0.2,4.6816
US-2016-103674,12/6/16,12/10/16,Standard Class,AP-10720,Anne Pryor,Home Office,United States,Los Angeles,California,90032,West,OFF-BI-10002026,Office Supplies,Binders,Ibico Recycled Linen-Style Covers,437.472,14,0.2,153.1152
US-2015-151435,9/6/15,9/9/15,Second Class,SW-20455,Shaun Weien,Consumer,United States,Lafayette,Louisiana,70506,South,FUR-TA-10001039,Furniture,Tables,KI Adjustable-Height Table,85.98,1,0,22.3548
US-2016-157728,9/22/16,9/28/16,Standard Class,RC-19960,Ryan Crowe,Consumer,United States,Grand Rapids,Michigan,49505,Central,OFF-PA-10002195,Office Supplies,Paper,"RSVP Cards & Envelopes, Blank White, 8-1/2"" X 11"", 24 Cards/25 Envelopes/Set",35.56,7,0,16.7132
US-2016-157728,9/22/16,9/28/16,Standard Class,RC-19960,Ryan Crowe,Consumer,United States,Grand Rapids,Michigan,49505,Central,TEC-PH-10001305,Technology,Phones,Panasonic KX TS208W Corded phone,97.98,2,0,27.4344